GMT time,Ask,Bid,AskVolume,BidVolume
22.02.2016 08:00:00.065,9481.913,9480.663,0.0002,0.0002
22.02.2016 08:00:00.226,9484.000,9483.000,0.0002,0.0000
22.02.2016 08:00:00.476,9485.484,9483.000,0.0002,0.0002
22.02.2016 08:00:00.614,9485.484,9483.000,0.0002,0.0002
22.02.2016 08:00:00.664,9486.317,9485.067,0.0002,0.0002
22.02.2016 08:00:00.847,9486.317,9485.067,0.0002,0.0002
22.02.2016 08:00:01.065,9485.484,9484.234,0.0002,0.0002
22.02.2016 08:00:01.240,9485.484,9484.234,0.0002,0.0002
22.02.2016 08:00:01.290,9485.680,9485.000,0.0002,0.0000
22.02.2016 08:00:01.430,9486.359,9485.109,0.0002,0.0002
22.02.2016 08:00:01.481,9488.000,9487.000,0.0002,0.0000
22.02.2016 08:00:01.823,9486.000,9485.234,0.0002,0.0002
22.02.2016 08:00:01.873,9488.234,9485.000,0.0003,0.0002
22.02.2016 08:00:02.119,9488.234,9485.000,0.0002,0.0002
22.02.2016 08:00:02.170,9488.234,9485.000,0.0003,0.0002
22.02.2016 08:00:02.373,9486.317,9485.067,0.0002,0.0002
22.02.2016 08:00:02.487,9486.734,9485.484,0.0002,0.0002
22.02.2016 08:00:02.978,9486.734,9485.484,0.0002,0.0002
22.02.2016 08:00:03.367,9486.817,9485.567,0.0002,0.0002
22.02.2016 08:00:03.477,9486.484,9485.234,0.0002,0.0002
22.02.2016 08:00:03.586,9486.359,9485.109,0.0002,0.0002
22.02.2016 08:00:03.807,9486.484,9485.234,0.0002,0.0002
22.02.2016 08:00:03.917,9486.413,9485.163,0.0002,0.0002
22.02.2016 08:00:04.164,9486.484,9485.234,0.0002,0.0002
22.02.2016 08:00:04.214,9486.484,9484.000,0.0003,0.0002
22.02.2016 08:00:04.382,9485.884,9484.634,0.0002,0.0002
22.02.2016 08:00:04.493,9485.884,9484.634,0.0002,0.0002
22.02.2016 08:00:04.644,9485.884,9485.000,0.0002,0.0000
22.02.2016 08:00:04.745,9485.884,9484.634,0.0002,0.0002
22.02.2016 08:00:05.186,9486.109,9485.000,0.0002,0.0000
22.02.2016 08:00:05.540,9485.984,9485.000,0.0002,0.0000
22.02.2016 08:00:05.677,9486.109,9485.000,0.0002,0.0000
22.02.2016 08:00:06.854,9486.109,9485.000,0.0002,0.0000
22.02.2016 08:00:06.915,9486.109,9485.992,0.0002,0.0000
22.02.2016 08:00:07.134,9486.817,9486.000,0.0002,0.0000
22.02.2016 08:00:07.318,9488.000,9487.000,0.0002,0.0000
22.02.2016 08:00:07.456,9488.484,9487.234,0.0002,0.0002
22.02.2016 08:00:07.519,9488.484,9486.000,0.0003,0.0002
22.02.2016 08:00:07.569,9487.734,9486.484,0.0002,0.0002
22.02.2016 08:00:07.670,9487.055,9485.805,0.0002,0.0002
22.02.2016 08:00:07.805,9486.817,9485.567,0.0002,0.0002
22.02.2016 08:00:07.986,9487.198,9485.948,0.0002,0.0002
22.02.2016 08:00:08.317,9486.734,9486.000,0.0002,0.0000
22.02.2016 08:00:08.646,9487.317,9486.067,0.0002,0.0002
22.02.2016 08:00:08.866,9487.413,9486.163,0.0002,0.0002
22.02.2016 08:00:09.527,9487.734,9486.484,0.0002,0.0002
22.02.2016 08:00:09.637,9487.666,9486.416,0.0002,0.0002
22.02.2016 08:00:09.746,9487.484,9486.234,0.0002,0.0002
22.02.2016 08:00:10.313,9487.784,9486.534,0.0002,0.0002
22.02.2016 08:00:10.406,9486.734,9486.000,0.0002,0.0000
22.02.2016 08:00:10.457,9486.734,9485.484,0.0002,0.0002
22.02.2016 08:00:10.587,9486.484,9485.234,0.0002,0.0002
22.02.2016 08:00:10.647,9485.698,9484.448,0.0002,0.0002
22.02.2016 08:00:10.756,9485.609,9484.359,0.0002,0.0002
22.02.2016 08:00:11.102,9485.984,9484.734,0.0002,0.0002
22.02.2016 08:00:11.315,9485.734,9484.484,0.0002,0.0002
22.02.2016 08:00:11.874,9485.184,9483.934,0.0002,0.0002
22.02.2016 08:00:11.925,9485.184,9484.000,0.0002,0.0000
22.02.2016 08:00:12.368,9485.109,9483.859,0.0003,0.0002
22.02.2016 08:00:12.419,9485.040,9483.790,0.0003,0.0002
22.02.2016 08:00:12.669,9484.884,9483.630,0.0002,0.0002
22.02.2016 08:00:12.924,9484.884,9481.000,0.0002,0.0002
22.02.2016 08:00:12.975,9482.734,9481.484,0.0002,0.0002
22.02.2016 08:00:13.320,9483.234,9481.984,0.0002,0.0002
22.02.2016 08:00:13.720,9483.384,9482.134,0.0002,0.0002
22.02.2016 08:00:13.776,9483.184,9482.000,0.0002,0.0000
22.02.2016 08:00:14.180,9482.984,9482.000,0.0002,0.0000
22.02.2016 08:00:14.937,9483.000,9482.000,0.0002,0.0000
22.02.2016 08:00:15.256,9482.000,9480.598,0.0002,0.0002
22.02.2016 08:00:15.307,9482.151,9480.901,0.0002,0.0002
22.02.2016 08:00:15.475,9482.317,9481.067,0.0002,0.0002
22.02.2016 08:00:15.644,9482.317,9481.067,0.0002,0.0002
22.02.2016 08:00:15.867,9483.184,9481.934,0.0002,0.0002
22.02.2016 08:00:16.248,9483.184,9482.000,0.0002,0.0000
22.02.2016 08:00:17.487,9483.234,9481.984,0.0002,0.0002
22.02.2016 08:00:17.729,9483.984,9482.734,0.0002,0.0002
22.02.2016 08:00:17.780,9483.984,9482.734,0.0002,0.0002
22.02.2016 08:00:17.830,9483.384,9482.134,0.0002,0.0002
22.02.2016 08:00:18.160,9483.151,9482.000,0.0002,0.0000
22.02.2016 08:00:18.210,9483.151,9481.901,0.0003,0.0002
22.02.2016 08:00:18.261,9482.734,9481.484,0.0002,0.0002
22.02.2016 08:00:18.589,9482.734,9480.000,0.0003,0.0002
22.02.2016 08:00:18.823,9481.913,9480.663,0.0002,0.0002
22.02.2016 08:00:19.177,9481.484,9480.234,0.0002,0.0002
22.02.2016 08:00:19.667,9482.109,9480.859,0.0003,0.0002
22.02.2016 08:00:19.934,9481.734,9480.484,0.0002,0.0002
22.02.2016 08:00:20.239,9481.884,9480.634,0.0002,0.0002
22.02.2016 08:00:20.765,9481.984,9480.734,0.0002,0.0002
22.02.2016 08:00:21.021,9481.984,9481.000,0.0002,0.0000
22.02.2016 08:00:21.136,9481.984,9480.734,0.0002,0.0002
22.02.2016 08:00:21.337,9481.609,9480.359,0.0002,0.0002
22.02.2016 08:00:21.776,9481.684,9480.434,0.0002,0.0002
22.02.2016 08:00:22.003,9483.000,9482.000,0.0002,0.0000
22.02.2016 08:00:22.138,9482.817,9482.000,0.0002,0.0000
22.02.2016 08:00:22.217,9482.984,9482.000,0.0002,0.0000
22.02.2016 08:00:22.427,9482.984,9481.734,0.0002,0.0002
22.02.2016 08:00:22.689,9482.484,9481.234,0.0002,0.0002
22.02.2016 08:00:23.059,9482.484,9481.234,0.0002,0.0002
22.02.2016 08:00:23.230,9482.651,9481.401,0.0002,0.0002
22.02.2016 08:00:23.646,9482.317,9481.067,0.0002,0.0002
22.02.2016 08:00:23.989,9482.651,9481.401,0.0002,0.0002
22.02.2016 08:00:24.399,9482.651,9481.401,0.0002,0.0002
22.02.2016 08:00:24.449,9481.734,9481.000,0.0002,0.0000
22.02.2016 08:00:24.499,9481.734,9480.484,0.0002,0.0002
22.02.2016 08:00:24.875,9481.734,9480.484,0.0002,0.0002
22.02.2016 08:00:24.967,9482.184,9480.934,0.0002,0.0002
22.02.2016 08:00:25.297,9481.734,9480.484,0.0002,0.0002
22.02.2016 08:00:25.409,9481.734,9481.000,0.0002,0.0000
22.02.2016 08:00:25.549,9482.484,9481.234,0.0002,0.0002
22.02.2016 08:00:25.599,9482.484,9482.000,0.0002,0.0000
22.02.2016 08:00:25.650,9482.651,9482.000,0.0002,0.0000
22.02.2016 08:00:25.753,9482.859,9482.000,0.0002,0.0000
22.02.2016 08:00:26.517,9482.984,9482.000,0.0002,0.0000
22.02.2016 08:00:26.736,9483.484,9482.234,0.0002,0.0002
22.02.2016 08:00:26.957,9483.234,9481.984,0.0002,0.0002
22.02.2016 08:00:29.355,9483.085,9481.835,0.0003,0.0002
22.02.2016 08:00:29.406,9482.735,9481.485,0.0002,0.0002
22.02.2016 08:00:29.871,9482.485,9481.235,0.0002,0.0002
22.02.2016 08:00:30.477,9482.735,9481.485,0.0002,0.0002
22.02.2016 08:00:30.527,9482.735,9481.485,0.0002,0.0002
22.02.2016 08:00:30.587,9482.485,9481.235,0.0002,0.0002
22.02.2016 08:00:30.977,9484.785,9484.000,0.0002,0.0000
22.02.2016 08:00:31.418,9484.735,9484.000,0.0002,0.0000
22.02.2016 08:00:31.769,9485.803,9484.553,0.0002,0.0002
22.02.2016 08:00:31.820,9485.585,9484.335,0.0002,0.0002
22.02.2016 08:00:32.088,9485.735,9484.485,0.0002,0.0002
22.02.2016 08:00:32.139,9485.585,9484.335,0.0002,0.0002
22.02.2016 08:00:32.523,9488.000,9487.000,0.0002,0.0000
22.02.2016 08:00:32.951,9488.385,9487.135,0.0002,0.0002
22.02.2016 08:00:33.256,9488.385,9488.000,0.0002,0.0000
22.02.2016 08:00:33.578,9488.385,9487.135,0.0002,0.0002
22.02.2016 08:00:33.685,9488.735,9487.485,0.0002,0.0002
22.02.2016 08:00:33.825,9488.735,9487.485,0.0002,0.0002
22.02.2016 08:00:33.984,9488.735,9488.000,0.0002,0.0000
22.02.2016 08:00:34.157,9489.914,9489.000,0.0002,0.0000
22.02.2016 08:00:34.327,9489.914,9488.664,0.0002,0.0002
22.02.2016 08:00:34.590,9488.885,9488.000,0.0002,0.0000
22.02.2016 08:00:34.697,9489.235,9487.985,0.0002,0.0002
22.02.2016 08:00:34.831,9489.235,9487.985,0.0002,0.0002
22.02.2016 08:00:35.647,9488.985,9487.735,0.0002,0.0002
22.02.2016 08:00:35.991,9489.235,9487.985,0.0002,0.0002
22.02.2016 08:00:36.306,9488.985,9487.735,0.0002,0.0002
22.02.2016 08:00:36.417,9488.735,9487.485,0.0002,0.0002
22.02.2016 08:00:36.543,9488.485,9487.235,0.0002,0.0002
22.02.2016 08:00:37.393,9488.235,9488.000,0.0002,0.0000
22.02.2016 08:00:37.450,9488.235,9486.985,0.0002,0.0002
22.02.2016 08:00:37.737,9488.485,9487.235,0.0002,0.0002
22.02.2016 08:00:37.846,9488.285,9487.035,0.0002,0.0002
22.02.2016 08:00:38.199,9487.985,9487.000,0.0002,0.0000
22.02.2016 08:00:38.257,9487.985,9486.735,0.0002,0.0002
22.02.2016 08:00:38.626,9486.985,9485.680,0.0002,0.0002
22.02.2016 08:00:38.771,9485.985,9484.735,0.0002,0.0002
22.02.2016 08:00:39.304,9485.985,9485.000,0.0002,0.0000
22.02.2016 08:00:39.833,9486.235,9484.985,0.0002,0.0002
22.02.2016 08:00:39.884,9486.235,9484.985,0.0002,0.0002
22.02.2016 08:00:39.936,9486.423,9485.173,0.0002,0.0002
22.02.2016 08:00:40.106,9486.423,9484.000,0.0003,0.0002
22.02.2016 08:00:40.458,9486.423,9485.000,0.0002,0.0002
22.02.2016 08:00:40.679,9486.735,9485.485,0.0002,0.0002
22.02.2016 08:00:40.817,9486.556,9485.306,0.0002,0.0002
22.02.2016 08:00:41.118,9486.556,9486.000,0.0002,0.0000
22.02.2016 08:00:41.412,9487.485,9486.235,0.0002,0.0002
22.02.2016 08:00:41.586,9487.318,9486.068,0.0002,0.0002
22.02.2016 08:00:41.685,9487.318,9486.068,0.0002,0.0002
22.02.2016 08:00:41.735,9487.385,9486.135,0.0002,0.0002
22.02.2016 08:00:42.097,9487.385,9487.000,0.0002,0.0000
22.02.2016 08:00:42.147,9488.128,9487.000,0.0002,0.0000
22.02.2016 08:00:42.314,9488.128,9486.878,0.0003,0.0002
22.02.2016 08:00:42.364,9487.860,9486.610,0.0002,0.0002
22.02.2016 08:00:42.615,9486.985,9486.000,0.0002,0.0000
22.02.2016 08:00:42.828,9486.985,9485.735,0.0002,0.0002
22.02.2016 08:00:42.930,9486.985,9484.000,0.0003,0.0002
22.02.2016 08:00:43.206,9485.885,9484.635,0.0002,0.0002
22.02.2016 08:00:44.117,9485.735,9484.485,0.0002,0.0002
22.02.2016 08:00:44.336,9485.318,9484.068,0.0002,0.0002
22.02.2016 08:00:44.446,9485.285,9484.035,0.0002,0.0002
22.02.2016 08:00:44.776,9485.985,9484.735,0.0002,0.0002
22.02.2016 08:00:44.884,9485.985,9485.000,0.0002,0.0000
22.02.2016 08:00:45.819,9485.985,9484.735,0.0002,0.0002
22.02.2016 08:00:45.871,9485.985,9485.000,0.0002,0.0000
22.02.2016 08:00:46.096,9486.235,9484.985,0.0002,0.0002
22.02.2016 08:00:46.976,9486.285,9485.035,0.0002,0.0002
22.02.2016 08:00:47.526,9486.485,9485.235,0.0002,0.0002
22.02.2016 08:00:48.029,9486.485,9486.000,0.0002,0.0000
22.02.2016 08:00:48.296,9486.885,9486.000,0.0002,0.0000
22.02.2016 08:00:48.516,9486.985,9486.000,0.0002,0.0000
22.02.2016 08:00:48.846,9487.485,9486.235,0.0002,0.0002
22.02.2016 08:00:49.176,9487.085,9486.000,0.0002,0.0000
22.02.2016 08:00:50.254,9487.085,9485.835,0.0003,0.0002
22.02.2016 08:00:50.304,9485.985,9485.000,0.0002,0.0000
22.02.2016 08:00:50.953,9485.860,9485.000,0.0002,0.0000
22.02.2016 08:00:51.197,9485.860,9484.610,0.0002,0.0002
22.02.2016 08:00:51.265,9485.785,9484.535,0.0002,0.0002
22.02.2016 08:00:51.740,9485.785,9485.000,0.0002,0.0000
22.02.2016 08:00:51.815,9485.985,9485.000,0.0002,0.0000
22.02.2016 08:00:51.967,9486.235,9484.985,0.0002,0.0002
22.02.2016 08:00:52.035,9486.735,9485.485,0.0002,0.0002
22.02.2016 08:00:52.730,9486.915,9485.665,0.0002,0.0002
22.02.2016 08:00:52.844,9486.557,9485.307,0.0002,0.0002
22.02.2016 08:00:52.945,9486.286,9485.036,0.0002,0.0002
22.02.2016 08:00:53.061,9486.236,9484.986,0.0002,0.0002
22.02.2016 08:00:53.548,9486.236,9484.986,0.0003,0.0002
22.02.2016 08:00:53.610,9486.236,9483.000,0.0003,0.0002
22.02.2016 08:00:54.152,9485.086,9483.836,0.0003,0.0002
22.02.2016 08:00:54.265,9484.153,9483.000,0.0002,0.0000
22.02.2016 08:00:54.345,9483.986,9483.000,0.0002,0.0000
22.02.2016 08:00:54.552,9483.986,9482.736,0.0002,0.0002
22.02.2016 08:00:54.653,9483.986,9481.000,0.0003,0.0002
22.02.2016 08:00:55.007,9482.629,9481.379,0.0002,0.0002
22.02.2016 08:00:55.358,9482.486,9481.236,0.0002,0.0002
22.02.2016 08:00:55.459,9482.343,9481.093,0.0002,0.0002
22.02.2016 08:00:55.822,9482.236,9480.986,0.0002,0.0002
22.02.2016 08:00:55.873,9482.236,9482.000,0.0002,0.0000
22.02.2016 08:00:55.923,9482.319,9482.000,0.0002,0.0000
22.02.2016 08:00:56.409,9483.319,9482.069,0.0002,0.0002
22.02.2016 08:00:56.664,9483.736,9482.486,0.0002,0.0002
22.02.2016 08:00:56.986,9483.611,9482.361,0.0002,0.0002
22.02.2016 08:00:57.727,9484.486,9483.236,0.0002,0.0002
22.02.2016 08:00:58.086,9484.611,9483.361,0.0002,0.0002
22.02.2016 08:00:58.420,9484.486,9483.180,0.0002,0.0002
22.02.2016 08:00:58.479,9484.486,9481.000,0.0002,0.0002
22.02.2016 08:00:58.529,9483.861,9482.611,0.0002,0.0002
22.02.2016 08:00:58.966,9483.486,9482.236,0.0002,0.0002
22.02.2016 08:00:59.772,9483.236,9481.986,0.0003,0.0002
22.02.2016 08:01:00.285,9482.736,9481.486,0.0002,0.0002
22.02.2016 08:01:00.358,9482.736,9482.000,0.0002,0.0000
22.02.2016 08:01:00.616,9483.486,9482.236,0.0002,0.0002
22.02.2016 08:01:00.780,9483.486,9482.236,0.0002,0.0002
22.02.2016 08:01:00.891,9483.486,9483.000,0.0002,0.0000
22.02.2016 08:01:00.946,9484.486,9483.236,0.0002,0.0002
22.02.2016 08:01:01.228,9484.819,9483.569,0.0002,0.0002
22.02.2016 08:01:01.605,9484.236,9482.986,0.0002,0.0002
22.02.2016 08:01:01.716,9484.653,9483.403,0.0002,0.0002
22.02.2016 08:01:01.772,9484.653,9484.000,0.0002,0.0000
22.02.2016 08:01:01.826,9484.986,9484.000,0.0002,0.0000
22.02.2016 08:01:01.935,9484.819,9484.000,0.0002,0.0000
22.02.2016 08:01:02.088,9485.236,9483.986,0.0002,0.0002
22.02.2016 08:01:02.289,9485.236,9483.986,0.0002,0.0002
22.02.2016 08:01:02.433,9483.986,9481.000,0.0003,0.0002
22.02.2016 08:01:02.483,9483.986,9481.000,0.0002,0.0002
22.02.2016 08:01:02.534,9482.486,9481.236,0.0002,0.0002
22.02.2016 08:01:02.843,9482.736,9481.486,0.0002,0.0002
22.02.2016 08:01:03.145,9482.653,9481.403,0.0002,0.0002
22.02.2016 08:01:03.723,9482.986,9481.736,0.0002,0.0002
22.02.2016 08:01:04.691,9482.986,9482.000,0.0002,0.0000
22.02.2016 08:01:05.018,9483.086,9482.000,0.0002,0.0000
22.02.2016 08:01:05.203,9483.086,9481.836,0.0002,0.0002
22.02.2016 08:01:05.604,9482.272,9481.022,0.0002,0.0002
22.02.2016 08:01:05.675,9482.236,9480.986,0.0002,0.0002
22.02.2016 08:01:06.049,9482.236,9480.986,0.0002,0.0002
22.02.2016 08:01:06.150,9482.097,9481.000,0.0002,0.0000
22.02.2016 08:01:06.408,9482.097,9480.847,0.0003,0.0002
22.02.2016 08:01:06.459,9482.486,9480.000,0.0003,0.0002
22.02.2016 08:01:06.556,9481.843,9480.593,0.0002,0.0002
22.02.2016 08:01:07.110,9481.986,9480.736,0.0002,0.0002
22.02.2016 08:01:07.383,9481.786,9480.536,0.0002,0.0002
22.02.2016 08:01:07.914,9481.653,9480.403,0.0002,0.0002
22.02.2016 08:01:07.986,9480.986,9480.000,0.0002,0.0000
22.02.2016 08:01:08.216,9480.819,9480.000,0.0002,0.0000
22.02.2016 08:01:08.831,9482.000,9481.000,0.0002,0.0000
22.02.2016 08:01:08.881,9481.986,9481.000,0.0002,0.0000
22.02.2016 08:01:09.147,9482.736,9481.486,0.0002,0.0002
22.02.2016 08:01:09.228,9482.736,9482.000,0.0002,0.0000
22.02.2016 08:01:09.424,9483.361,9482.111,0.0002,0.0002
22.02.2016 08:01:09.750,9483.886,9482.636,0.0002,0.0002
22.02.2016 08:01:09.835,9483.886,9483.000,0.0002,0.0000
22.02.2016 08:01:09.885,9484.361,9483.111,0.0002,0.0002
22.02.2016 08:01:09.965,9484.486,9483.236,0.0002,0.0002
22.02.2016 08:01:10.076,9484.361,9483.111,0.0002,0.0002
22.02.2016 08:01:10.333,9484.653,9483.403,0.0002,0.0002
22.02.2016 08:01:10.515,9484.319,9483.069,0.0002,0.0002
22.02.2016 08:01:10.955,9483.986,9483.000,0.0002,0.0000
22.02.2016 08:01:11.435,9484.319,9483.069,0.0002,0.0002
22.02.2016 08:01:11.786,9484.486,9483.236,0.0002,0.0002
22.02.2016 08:01:12.166,9484.804,9483.554,0.0002,0.0002
22.02.2016 08:01:12.385,9483.861,9482.611,0.0002,0.0002
22.02.2016 08:01:12.456,9483.861,9482.611,0.0002,0.0002
22.02.2016 08:01:12.507,9483.736,9482.486,0.0002,0.0002
22.02.2016 08:01:12.841,9483.319,9482.069,0.0002,0.0002
22.02.2016 08:01:13.357,9483.319,9482.069,0.0002,0.0002
22.02.2016 08:01:13.407,9484.236,9482.986,0.0002,0.0002
22.02.2016 08:01:13.723,9484.236,9482.986,0.0002,0.0002
22.02.2016 08:01:14.035,9484.375,9483.125,0.0002,0.0002
22.02.2016 08:01:14.585,9484.486,9483.236,0.0002,0.0002
22.02.2016 08:01:14.664,9486.000,9485.000,0.0002,0.0000
22.02.2016 08:01:14.714,9485.986,9485.000,0.0002,0.0000
22.02.2016 08:01:14.903,9485.786,9484.536,0.0002,0.0002
22.02.2016 08:01:14.953,9485.861,9484.611,0.0002,0.0002
22.02.2016 08:01:15.295,9487.286,9486.036,0.0002,0.0002
22.02.2016 08:01:15.576,9486.986,9485.736,0.0002,0.0002
22.02.2016 08:01:16.276,9488.000,9487.000,0.0002,0.0000
22.02.2016 08:01:16.654,9488.236,9486.806,0.0002,0.0002
22.02.2016 08:01:16.704,9486.986,9485.736,0.0002,0.0002
22.02.2016 08:01:16.883,9486.986,9486.000,0.0002,0.0000
22.02.2016 08:01:16.933,9487.153,9486.000,0.0002,0.0000
22.02.2016 08:01:17.005,9487.986,9486.736,0.0002,0.0002
22.02.2016 08:01:17.083,9487.986,9487.000,0.0002,0.0000
22.02.2016 08:01:17.368,9488.236,9486.986,0.0002,0.0002
22.02.2016 08:01:17.419,9488.236,9486.986,0.0002,0.0002
22.02.2016 08:01:17.487,9488.236,9488.000,0.0002,0.0000
22.02.2016 08:01:17.665,9488.819,9488.000,0.0002,0.0000
22.02.2016 08:01:17.823,9488.986,9488.000,0.0002,0.0000
22.02.2016 08:01:17.876,9488.986,9487.736,0.0002,0.0002
22.02.2016 08:01:17.926,9489.236,9487.986,0.0002,0.0002
22.02.2016 08:01:18.313,9489.486,9488.236,0.0002,0.0002
22.02.2016 08:01:18.363,9489.153,9488.000,0.0002,0.0000
22.02.2016 08:01:18.473,9489.736,9488.486,0.0002,0.0002
22.02.2016 08:01:18.524,9489.736,9488.486,0.0002,0.0002
22.02.2016 08:01:18.613,9489.736,9488.486,0.0002,0.0002
22.02.2016 08:01:19.043,9489.736,9487.000,0.0003,0.0002
22.02.2016 08:01:19.096,9488.986,9487.736,0.0002,0.0002
22.02.2016 08:01:19.218,9488.986,9487.736,0.0002,0.0002
22.02.2016 08:01:19.579,9489.486,9488.236,0.0002,0.0002
22.02.2016 08:01:19.779,9489.186,9487.936,0.0002,0.0002
22.02.2016 08:01:20.136,9489.186,9488.000,0.0002,0.0000
22.02.2016 08:01:20.528,9490.236,9488.986,0.0002,0.0002
22.02.2016 08:01:20.924,9490.597,9490.000,0.0002,0.0000
22.02.2016 08:01:22.288,9491.486,9490.236,0.0002,0.0002
22.02.2016 08:01:22.835,9491.611,9490.361,0.0002,0.0002
22.02.2016 08:01:22.885,9491.611,9490.361,0.0002,0.0002
22.02.2016 08:01:22.991,9493.674,9492.274,0.0002,0.0002
22.02.2016 08:01:23.091,9493.486,9492.236,0.0002,0.0002
22.02.2016 08:01:23.472,9493.486,9493.000,0.0002,0.0000
22.02.2016 08:01:23.631,9493.486,9492.236,0.0002,0.0002
22.02.2016 08:01:23.682,9493.986,9492.736,0.0002,0.0002
22.02.2016 08:01:23.733,9493.736,9492.486,0.0002,0.0002
22.02.2016 08:01:24.043,9493.486,9492.236,0.0002,0.0002
22.02.2016 08:01:24.147,9493.486,9491.000,0.0002,0.0002
22.02.2016 08:01:24.198,9492.736,9491.486,0.0002,0.0002
22.02.2016 08:01:24.544,9492.736,9491.486,0.0002,0.0002
22.02.2016 08:01:24.906,9492.986,9492.000,0.0002,0.0000
22.02.2016 08:01:24.957,9492.861,9492.000,0.0002,0.0000
22.02.2016 08:01:25.475,9493.129,9492.000,0.0002,0.0000
22.02.2016 08:01:26.292,9493.319,9492.069,0.0002,0.0002
22.02.2016 08:01:26.492,9493.286,9492.036,0.0002,0.0002
22.02.2016 08:01:26.575,9493.236,9491.986,0.0002,0.0002
22.02.2016 08:01:26.999,9493.236,9491.986,0.0002,0.0002
22.02.2016 08:01:27.050,9493.386,9492.130,0.0002,0.0002
22.02.2016 08:01:27.100,9493.386,9490.000,0.0002,0.0002
22.02.2016 08:01:27.235,9492.586,9491.336,0.0002,0.0002
22.02.2016 08:01:27.345,9491.272,9490.022,0.0002,0.0002
22.02.2016 08:01:27.396,9491.272,9490.022,0.0002,0.0002
22.02.2016 08:01:27.702,9491.386,9489.880,0.0002,0.0002
22.02.2016 08:01:27.773,9491.386,9487.000,0.0002,0.0002
22.02.2016 08:01:27.901,9491.236,9489.556,0.0002,0.0002
22.02.2016 08:01:28.006,9489.986,9488.736,0.0002,0.0002
22.02.2016 08:01:28.226,9490.286,9489.036,0.0002,0.0002
22.02.2016 08:01:29.004,9489.886,9486.000,0.0002,0.0002
22.02.2016 08:01:29.122,9488.986,9487.680,0.0002,0.0002
22.02.2016 08:01:29.207,9488.986,9487.736,0.0002,0.0002
22.02.2016 08:01:29.510,9488.986,9487.995,0.0002,0.0000
22.02.2016 08:01:29.611,9491.000,9488.995,0.0002,0.0000
22.02.2016 08:01:29.837,9491.000,9489.995,0.0002,0.0000
22.02.2016 08:01:30.205,9491.653,9490.398,0.0002,0.0002
22.02.2016 08:01:30.255,9491.653,9490.995,0.0002,0.0000
22.02.2016 08:01:30.418,9491.653,9490.403,0.0002,0.0002
22.02.2016 08:01:30.763,9491.986,9490.731,0.0002,0.0002
22.02.2016 08:01:31.008,9491.486,9490.236,0.0002,0.0002
22.02.2016 08:01:31.197,9491.486,9489.000,0.0003,0.0002
22.02.2016 08:01:31.250,9489.736,9488.486,0.0002,0.0002
22.02.2016 08:01:32.185,9489.843,9488.588,0.0002,0.0002
22.02.2016 08:01:32.828,9489.843,9488.593,0.0002,0.0002
22.02.2016 08:01:33.173,9490.111,9488.493,0.0002,0.0002
22.02.2016 08:01:33.224,9488.759,9487.509,0.0002,0.0002
22.02.2016 08:01:33.524,9487.611,9486.361,0.0002,0.0002
22.02.2016 08:01:33.901,9487.915,9487.000,0.0002,0.0000
22.02.2016 08:01:33.951,9488.153,9487.000,0.0002,0.0000
22.02.2016 08:01:34.385,9488.486,9487.236,0.0002,0.0002
22.02.2016 08:01:35.250,9490.000,9489.000,0.0002,0.0000
22.02.2016 08:01:35.452,9491.000,9490.000,0.0002,0.0000
22.02.2016 08:01:35.654,9491.486,9490.236,0.0002,0.0002
22.02.2016 08:01:35.855,9491.486,9490.236,0.0002,0.0002
22.02.2016 08:01:36.161,9491.486,9490.236,0.0002,0.0002
22.02.2016 08:01:36.475,9491.986,9490.736,0.0002,0.0002
22.02.2016 08:01:36.839,9491.153,9490.000,0.0002,0.0000
22.02.2016 08:01:36.915,9491.343,9490.093,0.0002,0.0002
22.02.2016 08:01:37.284,9491.236,9489.986,0.0002,0.0002
22.02.2016 08:01:37.676,9491.611,9490.361,0.0002,0.0002
22.02.2016 08:01:38.163,9494.000,9493.000,0.0002,0.0000
22.02.2016 08:01:38.565,9493.819,9493.000,0.0002,0.0000
22.02.2016 08:01:38.936,9493.986,9493.000,0.0002,0.0000
22.02.2016 08:01:39.005,9494.186,9493.000,0.0002,0.0000
22.02.2016 08:01:39.337,9494.486,9493.236,0.0002,0.0002
22.02.2016 08:01:39.772,9494.486,9492.000,0.0003,0.0002
22.02.2016 08:01:39.971,9493.986,9492.736,0.0002,0.0002
22.02.2016 08:01:40.655,9492.986,9492.000,0.0002,0.0000
22.02.2016 08:01:40.706,9492.986,9491.736,0.0002,0.0002
22.02.2016 08:01:40.765,9493.236,9491.986,0.0002,0.0002
22.02.2016 08:01:40.815,9493.236,9491.986,0.0002,0.0002
22.02.2016 08:01:40.875,9493.986,9492.736,0.0002,0.0002
22.02.2016 08:01:41.196,9493.653,9492.264,0.0002,0.0002
22.02.2016 08:01:41.344,9493.653,9490.000,0.0002,0.0002
22.02.2016 08:01:41.975,9491.986,9490.736,0.0002,0.0002
22.02.2016 08:01:42.296,9492.611,9491.361,0.0002,0.0002
22.02.2016 08:01:43.428,9493.236,9491.986,0.0002,0.0002
22.02.2016 08:01:43.840,9493.236,9491.986,0.0002,0.0002
22.02.2016 08:01:44.199,9493.486,9492.236,0.0002,0.0002
22.02.2016 08:01:44.450,9493.736,9492.486,0.0002,0.0002
22.02.2016 08:01:44.707,9493.736,9492.486,0.0002,0.0002
22.02.2016 08:01:45.051,9493.738,9493.000,0.0002,0.0000
22.02.2016 08:01:45.165,9494.238,9492.988,0.0002,0.0002
22.02.2016 08:01:45.219,9494.238,9492.988,0.0003,0.0002
22.02.2016 08:01:45.654,9493.488,9492.238,0.0002,0.0002
22.02.2016 08:01:45.715,9494.188,9492.938,0.0002,0.0002
22.02.2016 08:01:46.925,9494.321,9493.071,0.0002,0.0002
22.02.2016 08:01:47.475,9494.417,9493.167,0.0002,0.0002
22.02.2016 08:01:48.054,9494.417,9493.167,0.0002,0.0002
22.02.2016 08:01:48.162,9497.688,9496.438,0.0002,0.0002
22.02.2016 08:01:48.512,9497.988,9496.738,0.0002,0.0002
22.02.2016 08:01:49.057,9497.988,9496.738,0.0002,0.0002
22.02.2016 08:01:49.329,9497.988,9496.738,0.0002,0.0002
22.02.2016 08:01:49.479,9497.988,9496.738,0.0002,0.0002
22.02.2016 08:01:49.565,9498.488,9497.238,0.0002,0.0002
22.02.2016 08:01:49.960,9498.488,9497.238,0.0002,0.0002
22.02.2016 08:01:50.066,9498.488,9497.238,0.0002,0.0002
22.02.2016 08:01:50.156,9498.488,9497.238,0.0002,0.0002
22.02.2016 08:01:50.335,9499.655,9498.265,0.0002,0.0002
22.02.2016 08:01:50.539,9498.888,9497.638,0.0002,0.0002
22.02.2016 08:01:50.667,9498.888,9495.000,0.0002,0.0002
22.02.2016 08:01:50.895,9498.888,9496.000,0.0003,0.0002
22.02.2016 08:01:51.061,9497.238,9495.988,0.0002,0.0002
22.02.2016 08:01:51.163,9497.238,9495.988,0.0002,0.0002
22.02.2016 08:01:51.215,9496.821,9495.571,0.0002,0.0002
22.02.2016 08:01:51.266,9499.000,9497.000,0.0002,0.0000
22.02.2016 08:01:51.368,9498.988,9497.738,0.0002,0.0002
22.02.2016 08:01:51.669,9497.655,9496.405,0.0002,0.0002
22.02.2016 08:01:51.820,9497.488,9496.238,0.0002,0.0002
22.02.2016 08:01:51.874,9497.417,9496.167,0.0002,0.0002
22.02.2016 08:01:52.101,9497.238,9495.988,0.0002,0.0002
22.02.2016 08:01:52.466,9496.238,9494.988,0.0002,0.0002
22.02.2016 08:01:52.517,9496.238,9496.000,0.0002,0.0000
22.02.2016 08:01:52.644,9497.238,9495.988,0.0002,0.0002
22.02.2016 08:01:52.946,9497.488,9496.238,0.0002,0.0002
22.02.2016 08:01:52.996,9497.624,9496.374,0.0002,0.0002
22.02.2016 08:01:53.415,9497.738,9496.488,0.0002,0.0002
22.02.2016 08:01:53.726,9497.702,9497.000,0.0002,0.0000
22.02.2016 08:01:54.205,9497.988,9497.000,0.0002,0.0000
22.02.2016 08:01:54.383,9497.988,9496.738,0.0002,0.0002
22.02.2016 08:01:54.483,9497.988,9496.738,0.0002,0.0002
22.02.2016 08:01:54.873,9497.613,9496.363,0.0002,0.0002
22.02.2016 08:01:55.489,9497.613,9497.000,0.0002,0.0000
22.02.2016 08:01:55.696,9498.131,9497.000,0.0002,0.0000
22.02.2016 08:01:55.746,9497.702,9497.000,0.0002,0.0000
22.02.2016 08:01:56.093,9497.702,9496.452,0.0002,0.0002
22.02.2016 08:01:56.164,9498.131,9496.881,0.0002,0.0002
22.02.2016 08:01:56.604,9497.988,9497.000,0.0002,0.0000
22.02.2016 08:01:56.695,9497.988,9496.738,0.0002,0.0002
22.02.2016 08:01:57.010,9497.488,9496.238,0.0002,0.0002
22.02.2016 08:01:57.111,9497.688,9496.438,0.0002,0.0002
22.02.2016 08:01:57.161,9498.488,9497.238,0.0002,0.0002
22.02.2016 08:01:57.538,9498.738,9497.488,0.0002,0.0002
22.02.2016 08:01:57.596,9498.488,9497.238,0.0002,0.0002
22.02.2016 08:01:57.704,9498.738,9497.488,0.0002,0.0002
22.02.2016 08:01:58.106,9498.738,9496.000,0.0003,0.0002
22.02.2016 08:01:58.317,9497.488,9496.238,0.0002,0.0002
22.02.2016 08:01:58.641,9497.738,9496.488,0.0002,0.0002
22.02.2016 08:01:58.914,9497.488,9496.238,0.0002,0.0002
22.02.2016 08:01:59.211,9497.488,9496.238,0.0002,0.0002
22.02.2016 08:01:59.521,9498.321,9497.071,0.0002,0.0002
22.02.2016 08:02:00.234,9498.738,9497.488,0.0002,0.0002
22.02.2016 08:02:01.115,9498.888,9497.638,0.0002,0.0002
22.02.2016 08:02:01.167,9498.888,9498.000,0.0002,0.0000
22.02.2016 08:02:01.225,9499.155,9498.000,0.0002,0.0000
22.02.2016 08:02:01.336,9498.988,9498.000,0.0002,0.0000
22.02.2016 08:02:01.490,9499.238,9497.988,0.0002,0.0002
22.02.2016 08:02:01.884,9498.988,9498.000,0.0002,0.0000
22.02.2016 08:02:03.035,9498.988,9497.682,0.0002,0.0002
22.02.2016 08:02:03.137,9496.000,9495.000,0.0000,0.0002
22.02.2016 08:02:03.456,9495.000,9493.000,0.0000,0.0002
22.02.2016 08:02:03.534,9495.238,9493.983,0.0002,0.0002
22.02.2016 08:02:03.853,9495.655,9493.000,0.0003,0.0002
22.02.2016 08:02:04.268,9495.113,9493.863,0.0003,0.0002
22.02.2016 08:02:04.531,9495.488,9493.000,0.0003,0.0002
22.02.2016 08:02:04.745,9494.488,9493.233,0.0002,0.0002
22.02.2016 08:02:05.295,9494.388,9493.138,0.0002,0.0002
22.02.2016 08:02:06.159,9494.388,9493.138,0.0002,0.0002
22.02.2016 08:02:06.304,9495.655,9494.400,0.0002,0.0002
22.02.2016 08:02:06.423,9495.488,9494.238,0.0002,0.0002
22.02.2016 08:02:06.716,9495.488,9494.995,0.0002,0.0000
22.02.2016 08:02:07.055,9496.238,9494.988,0.0002,0.0002
22.02.2016 08:02:07.274,9496.488,9495.233,0.0002,0.0002
22.02.2016 08:02:07.579,9496.538,9495.283,0.0002,0.0002
22.02.2016 08:02:07.825,9496.488,9495.238,0.0002,0.0002
22.02.2016 08:02:08.268,9496.488,9494.000,0.0003,0.0002
22.02.2016 08:02:08.594,9495.738,9494.488,0.0002,0.0002
22.02.2016 08:02:09.133,9495.788,9494.538,0.0002,0.0002
22.02.2016 08:02:09.184,9495.788,9495.000,0.0002,0.0000
22.02.2016 08:02:09.371,9495.821,9495.000,0.0002,0.0000
22.02.2016 08:02:09.421,9495.821,9494.571,0.0002,0.0002
22.02.2016 08:02:09.788,9495.988,9494.738,0.0002,0.0002
22.02.2016 08:02:10.024,9495.788,9494.538,0.0002,0.0002
22.02.2016 08:02:10.134,9494.488,9493.238,0.0002,0.0002
22.02.2016 08:02:10.315,9494.488,9493.238,0.0002,0.0002
22.02.2016 08:02:10.585,9494.488,9492.000,0.0003,0.0002
22.02.2016 08:02:10.842,9494.155,9492.905,0.0003,0.0002
22.02.2016 08:02:11.242,9493.988,9492.738,0.0002,0.0002
22.02.2016 08:02:11.565,9494.088,9492.838,0.0003,0.0002
22.02.2016 08:02:11.680,9493.863,9492.613,0.0002,0.0002
22.02.2016 08:02:12.244,9493.863,9492.613,0.0002,0.0002
22.02.2016 08:02:12.445,9494.088,9492.838,0.0002,0.0002
22.02.2016 08:02:12.767,9494.088,9493.000,0.0002,0.0000
22.02.2016 08:02:13.236,9494.321,9493.071,0.0002,0.0002
22.02.2016 08:02:13.347,9494.321,9492.000,0.0003,0.0002
22.02.2016 08:02:13.654,9493.655,9492.405,0.0002,0.0002
22.02.2016 08:02:13.984,9493.488,9492.238,0.0002,0.0002
22.02.2016 08:02:14.534,9492.988,9492.000,0.0002,0.0000
22.02.2016 08:02:14.645,9492.863,9492.000,0.0002,0.0000
22.02.2016 08:02:15.431,9492.863,9491.613,0.0002,0.0002
22.02.2016 08:02:15.707,9492.738,9491.488,0.0002,0.0002
22.02.2016 08:02:16.074,9493.113,9491.863,0.0003,0.0002
22.02.2016 08:02:16.533,9493.113,9492.000,0.0002,0.0000
22.02.2016 08:02:16.624,9492.988,9492.000,0.0002,0.0000
22.02.2016 08:02:17.955,9494.000,9493.000,0.0002,0.0000
22.02.2016 08:02:18.054,9494.488,9493.238,0.0002,0.0002
22.02.2016 08:02:18.274,9494.238,9492.988,0.0002,0.0002
22.02.2016 08:02:18.550,9494.488,9493.238,0.0002,0.0002
22.02.2016 08:02:18.840,9493.988,9493.000,0.0002,0.0000
22.02.2016 08:02:19.124,9495.000,9494.000,0.0002,0.0000
22.02.2016 08:02:19.264,9495.488,9494.238,0.0002,0.0002
22.02.2016 08:02:19.326,9495.488,9493.000,0.0003,0.0002
22.02.2016 08:02:21.435,9494.155,9492.905,0.0002,0.0002
22.02.2016 08:02:21.794,9494.488,9493.238,0.0002,0.0002
22.02.2016 08:02:22.164,9494.488,9492.000,0.0003,0.0002
22.02.2016 08:02:22.328,9494.059,9492.809,0.0003,0.0002
22.02.2016 08:02:22.715,9494.238,9492.988,0.0003,0.0002
22.02.2016 08:02:23.114,9492.988,9492.000,0.0002,0.0000
22.02.2016 08:02:23.165,9492.988,9491.738,0.0002,0.0002
22.02.2016 08:02:23.224,9492.388,9491.138,0.0002,0.0002
22.02.2016 08:02:23.334,9492.821,9491.571,0.0002,0.0002
22.02.2016 08:02:23.774,9492.702,9491.452,0.0002,0.0002
22.02.2016 08:02:23.994,9492.655,9491.405,0.0002,0.0002
22.02.2016 08:02:24.324,9493.188,9491.938,0.0003,0.0002
22.02.2016 08:02:24.617,9493.188,9492.000,0.0002,0.0000
22.02.2016 08:02:24.668,9492.988,9492.000,0.0002,0.0000
22.02.2016 08:02:24.978,9492.988,9491.738,0.0002,0.0002
22.02.2016 08:02:25.144,9492.821,9491.571,0.0002,0.0002
22.02.2016 08:02:25.345,9492.738,9491.488,0.0002,0.0002
22.02.2016 08:02:25.808,9492.821,9491.571,0.0002,0.0002
22.02.2016 08:02:26.304,9493.155,9491.905,0.0003,0.0002
22.02.2016 08:02:26.360,9493.155,9492.000,0.0002,0.0000
22.02.2016 08:02:26.662,9493.155,9492.000,0.0002,0.0000
22.02.2016 08:02:26.773,9493.155,9493.000,0.0002,0.0000
22.02.2016 08:02:26.967,9494.655,9493.405,0.0002,0.0002
22.02.2016 08:02:27.074,9494.988,9493.738,0.0002,0.0002
22.02.2016 08:02:27.404,9495.363,9494.113,0.0002,0.0002
22.02.2016 08:02:28.284,9495.488,9494.238,0.0002,0.0002
22.02.2016 08:02:28.728,9495.988,9494.738,0.0002,0.0002
22.02.2016 08:02:29.176,9495.988,9494.738,0.0002,0.0002
22.02.2016 08:02:30.044,9495.788,9494.538,0.0002,0.0002
22.02.2016 08:02:30.354,9496.738,9495.488,0.0002,0.0002
22.02.2016 08:02:30.583,9496.738,9495.488,0.0002,0.0002
22.02.2016 08:02:30.704,9496.388,9495.138,0.0002,0.0002
22.02.2016 08:02:31.804,9496.521,9495.271,0.0002,0.0002
22.02.2016 08:02:32.227,9496.488,9495.238,0.0002,0.0002
22.02.2016 08:02:32.574,9497.142,9496.000,0.0002,0.0000
22.02.2016 08:02:34.904,9497.238,9495.988,0.0002,0.0002
22.02.2016 08:02:34.994,9495.788,9495.000,0.0002,0.0000
22.02.2016 08:02:35.106,9495.788,9494.538,0.0002,0.0002
22.02.2016 08:02:35.714,9496.655,9495.405,0.0002,0.0002
22.02.2016 08:02:35.874,9496.417,9495.167,0.0002,0.0002
22.02.2016 08:02:36.424,9496.488,9495.238,0.0002,0.0002
22.02.2016 08:02:36.731,9496.863,9495.613,0.0002,0.0002
22.02.2016 08:02:37.043,9496.988,9495.738,0.0002,0.0002
22.02.2016 08:02:37.195,9496.688,9495.438,0.0002,0.0002
22.02.2016 08:02:37.414,9496.488,9495.238,0.0002,0.0002
22.02.2016 08:02:37.854,9496.688,9495.438,0.0002,0.0002
22.02.2016 08:02:38.251,9496.988,9495.738,0.0002,0.0002
22.02.2016 08:02:38.847,9497.088,9495.838,0.0003,0.0002
22.02.2016 08:02:41.153,9497.202,9495.952,0.0003,0.0002
22.02.2016 08:02:41.329,9497.202,9495.952,0.0002,0.0002
22.02.2016 08:02:41.379,9499.238,9497.556,0.0002,0.0002
22.02.2016 08:02:41.643,9499.238,9497.988,0.0002,0.0002
22.02.2016 08:02:41.733,9499.238,9497.988,0.0003,0.0002
22.02.2016 08:02:41.814,9499.155,9497.905,0.0003,0.0002
22.02.2016 08:02:42.823,9499.202,9497.952,0.0003,0.0002
22.02.2016 08:02:42.914,9499.155,9497.905,0.0003,0.0002
22.02.2016 08:02:43.023,9499.363,9498.113,0.0002,0.0002
22.02.2016 08:02:43.538,9499.363,9497.000,0.0003,0.0002
22.02.2016 08:02:43.589,9499.155,9497.905,0.0003,0.0002
22.02.2016 08:02:43.981,9499.155,9497.905,0.0002,0.0002
22.02.2016 08:02:44.163,9499.238,9497.988,0.0002,0.0002
22.02.2016 08:02:44.245,9499.238,9497.988,0.0002,0.0002
22.02.2016 08:02:44.344,9499.676,9498.426,0.0002,0.0002
22.02.2016 08:02:44.674,9501.238,9499.988,0.0002,0.0002
22.02.2016 08:02:45.157,9501.238,9499.988,0.0002,0.0002
22.02.2016 08:02:45.354,9501.238,9499.988,0.0003,0.0002
22.02.2016 08:02:45.554,9500.988,9499.738,0.0002,0.0002
22.02.2016 08:02:45.709,9500.888,9499.638,0.0002,0.0002
22.02.2016 08:02:45.760,9500.888,9500.000,0.0002,0.0000
22.02.2016 08:02:45.863,9501.155,9500.000,0.0002,0.0000
22.02.2016 08:02:46.357,9501.157,9499.907,0.0002,0.0002
22.02.2016 08:02:46.433,9501.290,9500.040,0.0002,0.0002
22.02.2016 08:02:46.544,9501.240,9499.990,0.0002,0.0002
22.02.2016 08:02:47.211,9501.390,9500.140,0.0002,0.0002
22.02.2016 08:02:47.533,9501.690,9500.440,0.0002,0.0002
22.02.2016 08:02:47.883,9501.347,9500.097,0.0002,0.0002
22.02.2016 08:02:48.963,9501.490,9500.240,0.0002,0.0002
22.02.2016 08:02:49.293,9501.740,9500.490,0.0002,0.0002
22.02.2016 08:02:51.163,9501.490,9500.240,0.0002,0.0002
22.02.2016 08:02:51.214,9501.490,9500.240,0.0002,0.0002
22.02.2016 08:02:51.318,9501.678,9501.000,0.0002,0.0000
22.02.2016 08:02:51.433,9501.678,9500.428,0.0002,0.0002
22.02.2016 08:02:51.719,9502.740,9502.000,0.0002,0.0000
22.02.2016 08:02:51.864,9503.240,9501.990,0.0002,0.0002
22.02.2016 08:02:52.153,9502.990,9502.000,0.0002,0.0000
22.02.2016 08:02:52.944,9503.240,9501.990,0.0002,0.0002
22.02.2016 08:02:53.222,9503.240,9501.990,0.0002,0.0002
22.02.2016 08:02:53.323,9503.704,9502.995,0.0002,0.0000
22.02.2016 08:02:53.397,9503.704,9502.454,0.0002,0.0002
22.02.2016 08:02:53.497,9503.704,9502.454,0.0002,0.0002
22.02.2016 08:02:53.623,9503.490,9502.240,0.0002,0.0002
22.02.2016 08:02:53.693,9503.528,9502.273,0.0002,0.0002
22.02.2016 08:02:53.977,9502.115,9501.000,0.0002,0.0000
22.02.2016 08:02:54.028,9500.823,9499.573,0.0002,0.0002
22.02.2016 08:02:54.156,9500.490,9499.240,0.0002,0.0002
22.02.2016 08:02:54.463,9500.823,9499.568,0.0002,0.0002
22.02.2016 08:02:55.131,9500.823,9499.568,0.0002,0.0002
22.02.2016 08:02:55.181,9500.919,9499.664,0.0002,0.0002
22.02.2016 08:02:55.563,9501.678,9500.423,0.0002,0.0002
22.02.2016 08:02:55.840,9503.000,9501.995,0.0002,0.0000
22.02.2016 08:02:56.028,9502.871,9502.000,0.0002,0.0000
22.02.2016 08:02:56.351,9502.740,9502.000,0.0002,0.0000
22.02.2016 08:02:56.443,9502.865,9502.000,0.0002,0.0000
22.02.2016 08:02:56.639,9500.000,9499.000,0.0000,0.0002
22.02.2016 08:02:57.131,9500.490,9499.240,0.0002,0.0002
22.02.2016 08:02:57.500,9500.776,9499.526,0.0002,0.0002
22.02.2016 08:02:57.873,9500.803,9499.553,0.0002,0.0002
22.02.2016 08:02:58.137,9500.490,9499.240,0.0002,0.0002
22.02.2016 08:02:58.439,9500.365,9499.115,0.0002,0.0002
22.02.2016 08:02:58.539,9499.690,9498.440,0.0002,0.0002
22.02.2016 08:02:58.973,9499.823,9498.573,0.0002,0.0002
22.02.2016 08:02:59.303,9500.090,9498.840,0.0003,0.0002
22.02.2016 08:03:00.293,9499.823,9498.573,0.0002,0.0002
22.02.2016 08:03:00.361,9499.823,9499.000,0.0002,0.0000
22.02.2016 08:03:00.545,9500.590,9499.340,0.0002,0.0002
22.02.2016 08:03:00.764,9500.590,9498.000,0.0003,0.0002
22.02.2016 08:03:00.888,9499.690,9498.440,0.0002,0.0002
22.02.2016 08:03:01.173,9499.490,9498.240,0.0002,0.0002
22.02.2016 08:03:01.393,9499.740,9498.490,0.0002,0.0002
22.02.2016 08:03:01.833,9499.490,9498.240,0.0002,0.0002
22.02.2016 08:03:02.270,9499.490,9499.000,0.0002,0.0000
22.02.2016 08:03:02.650,9500.240,9498.990,0.0002,0.0002
22.02.2016 08:03:02.823,9500.390,9499.140,0.0002,0.0002
22.02.2016 08:03:03.719,9501.090,9499.840,0.0003,0.0002
22.02.2016 08:03:04.033,9500.990,9499.740,0.0002,0.0002
22.02.2016 08:03:04.143,9501.240,9499.990,0.0002,0.0002
22.02.2016 08:03:04.363,9501.290,9500.040,0.0002,0.0002
22.02.2016 08:03:04.693,9501.561,9500.311,0.0002,0.0002
22.02.2016 08:03:05.101,9501.115,9498.000,0.0003,0.0002
22.02.2016 08:03:05.243,9499.990,9498.740,0.0002,0.0002
22.02.2016 08:03:06.213,9499.240,9497.990,0.0002,0.0002
22.02.2016 08:03:06.490,9499.240,9497.990,0.0003,0.0002
22.02.2016 08:03:06.673,9498.990,9497.740,0.0002,0.0002
22.02.2016 08:03:06.724,9498.990,9498.000,0.0002,0.0000
22.02.2016 08:03:06.783,9499.240,9497.990,0.0002,0.0002
22.02.2016 08:03:07.478,9499.490,9498.240,0.0002,0.0002
22.02.2016 08:03:07.528,9499.490,9498.240,0.0002,0.0002
22.02.2016 08:03:07.579,9499.240,9497.990,0.0002,0.0002
22.02.2016 08:03:07.910,9499.365,9498.115,0.0002,0.0002
22.02.2016 08:03:08.251,9501.157,9499.907,0.0003,0.0002
22.02.2016 08:03:08.323,9500.740,9499.490,0.0002,0.0002
22.02.2016 08:03:09.213,9501.303,9499.000,0.0003,0.0002
22.02.2016 08:03:09.363,9501.407,9500.000,0.0002,0.0002
22.02.2016 08:03:09.866,9500.865,9499.615,0.0002,0.0002
22.02.2016 08:03:09.917,9500.865,9500.000,0.0002,0.0000
22.02.2016 08:03:10.083,9501.657,9500.407,0.0002,0.0002
22.02.2016 08:03:10.309,9501.657,9499.000,0.0003,0.0002
22.02.2016 08:03:10.565,9501.157,9499.907,0.0003,0.0002
22.02.2016 08:03:10.616,9501.157,9499.907,0.0002,0.0002
22.02.2016 08:03:10.743,9501.323,9500.073,0.0002,0.0002
22.02.2016 08:03:11.403,9501.240,9499.990,0.0002,0.0002
22.02.2016 08:03:11.453,9501.240,9499.990,0.0002,0.0002
22.02.2016 08:03:12.283,9501.490,9500.240,0.0002,0.0002
22.02.2016 08:03:12.393,9500.919,9500.000,0.0002,0.0000
22.02.2016 08:03:12.503,9501.490,9500.240,0.0002,0.0002
22.02.2016 08:03:13.172,9501.823,9500.573,0.0002,0.0002
22.02.2016 08:03:13.415,9501.823,9500.573,0.0002,0.0002
22.02.2016 08:03:13.603,9501.990,9500.740,0.0002,0.0002
22.02.2016 08:03:14.318,9501.990,9501.000,0.0002,0.0000
22.02.2016 08:03:14.709,9502.440,9501.190,0.0002,0.0002
22.02.2016 08:03:15.065,9502.390,9501.140,0.0002,0.0002
22.02.2016 08:03:15.253,9501.990,9501.000,0.0002,0.0000
22.02.2016 08:03:15.380,9501.740,9501.000,0.0002,0.0000
22.02.2016 08:03:15.717,9501.740,9500.490,0.0002,0.0002
22.02.2016 08:03:16.164,9502.115,9500.865,0.0002,0.0002
22.02.2016 08:03:16.353,9502.190,9500.940,0.0002,0.0002
22.02.2016 08:03:16.684,9501.990,9500.740,0.0002,0.0002
22.02.2016 08:03:16.735,9501.990,9501.000,0.0002,0.0000
22.02.2016 08:03:17.096,9501.890,9500.640,0.0002,0.0002
22.02.2016 08:03:17.572,9501.240,9499.990,0.0002,0.0002
22.02.2016 08:03:17.832,9501.240,9499.990,0.0002,0.0002
22.02.2016 08:03:17.893,9500.768,9499.518,0.0002,0.0002
22.02.2016 08:03:17.943,9500.768,9499.518,0.0002,0.0002
22.02.2016 08:03:18.304,9500.865,9499.615,0.0002,0.0002
22.02.2016 08:03:18.638,9500.945,9499.695,0.0002,0.0002
22.02.2016 08:03:18.993,9500.890,9499.640,0.0002,0.0002
22.02.2016 08:03:19.213,9500.808,9499.558,0.0002,0.0002
22.02.2016 08:03:19.323,9500.913,9499.663,0.0002,0.0002
22.02.2016 08:03:19.791,9499.240,9497.990,0.0002,0.0002
22.02.2016 08:03:19.873,9498.990,9498.000,0.0002,0.0000
22.02.2016 08:03:20.203,9498.740,9497.490,0.0002,0.0002
22.02.2016 08:03:20.473,9500.000,9499.000,0.0002,0.0000
22.02.2016 08:03:20.533,9499.615,9499.000,0.0002,0.0000
22.02.2016 08:03:20.775,9499.615,9498.365,0.0002,0.0002
22.02.2016 08:03:20.826,9500.290,9499.040,0.0002,0.0002
22.02.2016 08:03:20.877,9499.990,9498.740,0.0002,0.0002
22.02.2016 08:03:21.523,9500.490,9499.240,0.0002,0.0002
22.02.2016 08:03:21.633,9500.240,9498.990,0.0002,0.0002
22.02.2016 08:03:22.623,9500.490,9499.240,0.0002,0.0002
22.02.2016 08:03:23.000,9500.823,9499.573,0.0002,0.0002
22.02.2016 08:03:24.103,9500.690,9499.440,0.0002,0.0002
22.02.2016 08:03:24.383,9500.823,9499.573,0.0002,0.0002
22.02.2016 08:03:24.712,9500.590,9499.340,0.0002,0.0002
22.02.2016 08:03:25.304,9499.865,9499.000,0.0002,0.0000
22.02.2016 08:03:25.979,9500.490,9499.240,0.0002,0.0002
22.02.2016 08:03:27.525,9500.490,9500.000,0.0002,0.0000
22.02.2016 08:03:27.576,9500.990,9500.000,0.0002,0.0000
22.02.2016 08:03:27.911,9501.240,9499.990,0.0002,0.0002
22.02.2016 08:03:30.177,9501.490,9500.240,0.0002,0.0002
22.02.2016 08:03:30.917,9501.240,9499.990,0.0002,0.0002
22.02.2016 08:03:32.302,9501.390,9500.140,0.0002,0.0002
22.02.2016 08:03:32.412,9501.240,9499.990,0.0002,0.0002
22.02.2016 08:03:34.324,9500.865,9500.000,0.0002,0.0000
22.02.2016 08:03:34.676,9500.790,9500.000,0.0002,0.0000
22.02.2016 08:03:36.483,9500.990,9500.000,0.0002,0.0000
22.02.2016 08:03:37.073,9500.865,9500.000,0.0002,0.0000
22.02.2016 08:03:37.123,9500.865,9499.615,0.0002,0.0002
22.02.2016 08:03:37.438,9500.865,9499.615,0.0002,0.0002
22.02.2016 08:03:38.305,9500.990,9499.740,0.0002,0.0002
22.02.2016 08:03:38.471,9501.240,9499.990,0.0002,0.0002
22.02.2016 08:03:40.223,9501.490,9500.240,0.0002,0.0002
22.02.2016 08:03:42.145,9501.657,9500.407,0.0002,0.0002
22.02.2016 08:03:42.202,9501.419,9500.169,0.0002,0.0002
22.02.2016 08:03:42.446,9501.452,9500.202,0.0002,0.0002
22.02.2016 08:03:42.997,9501.526,9500.276,0.0002,0.0002
22.02.2016 08:03:44.622,9501.490,9500.240,0.0002,0.0002
22.02.2016 08:03:46.374,9501.490,9501.000,0.0002,0.0000
22.02.2016 08:03:46.425,9501.690,9501.000,0.0002,0.0000
22.02.2016 08:03:47.376,9501.690,9500.440,0.0002,0.0002
22.02.2016 08:03:47.635,9501.615,9500.365,0.0002,0.0002
22.02.2016 08:03:47.812,9501.823,9500.573,0.0002,0.0002
22.02.2016 08:03:48.032,9500.740,9499.490,0.0002,0.0002
22.02.2016 08:03:48.082,9500.740,9499.490,0.0002,0.0002
22.02.2016 08:03:48.191,9500.347,9499.097,0.0002,0.0002
22.02.2016 08:03:48.362,9500.157,9499.000,0.0002,0.0000
22.02.2016 08:03:48.483,9500.157,9498.907,0.0003,0.0002
22.02.2016 08:03:48.685,9500.157,9498.907,0.0002,0.0002
22.02.2016 08:03:48.912,9499.390,9498.140,0.0002,0.0002
22.02.2016 08:03:49.256,9499.490,9498.240,0.0002,0.0002
22.02.2016 08:03:49.628,9499.490,9498.240,0.0002,0.0002
22.02.2016 08:03:51.193,9499.490,9498.240,0.0002,0.0002
22.02.2016 08:03:51.359,9500.490,9499.240,0.0002,0.0002
22.02.2016 08:03:52.599,9500.490,9500.000,0.0002,0.0000
22.02.2016 08:03:52.652,9500.823,9500.000,0.0002,0.0000
22.02.2016 08:03:53.062,9500.823,9499.573,0.0002,0.0002
22.02.2016 08:03:53.312,9500.490,9499.240,0.0002,0.0002
22.02.2016 08:03:54.434,9500.490,9498.000,0.0003,0.0002
22.02.2016 08:03:55.182,9498.865,9498.000,0.0002,0.0000
22.02.2016 08:03:55.516,9499.990,9498.740,0.0002,0.0002
22.02.2016 08:03:55.766,9499.490,9498.240,0.0002,0.0002
22.02.2016 08:03:55.870,9499.823,9498.573,0.0002,0.0002
22.02.2016 08:03:56.172,9500.823,9497.000,0.0002,0.0002
22.02.2016 08:03:56.385,9500.823,9499.000,0.0002,0.0002
22.02.2016 08:03:56.536,9499.919,9498.669,0.0002,0.0002
22.02.2016 08:03:57.068,9499.919,9499.000,0.0002,0.0000
22.02.2016 08:03:58.231,9499.865,9499.000,0.0002,0.0000
22.02.2016 08:03:58.282,9499.990,9499.000,0.0002,0.0000
22.02.2016 08:03:58.857,9499.790,9498.540,0.0002,0.0002
22.02.2016 08:03:59.912,9499.657,9498.407,0.0002,0.0002
22.02.2016 08:04:00.242,9499.240,9497.990,0.0002,0.0002
22.02.2016 08:04:00.793,9499.323,9498.073,0.0002,0.0002
22.02.2016 08:04:01.122,9500.323,9499.073,0.0002,0.0002
22.02.2016 08:04:01.576,9500.323,9499.073,0.0002,0.0002
22.02.2016 08:04:01.664,9500.323,9500.000,0.0002,0.0000
22.02.2016 08:04:01.958,9501.945,9501.000,0.0002,0.0000
22.02.2016 08:04:02.112,9503.157,9501.907,0.0003,0.0002
22.02.2016 08:04:02.662,9502.690,9501.440,0.0002,0.0002
22.02.2016 08:04:02.778,9502.690,9500.000,0.0003,0.0002
22.02.2016 08:04:02.882,9501.590,9500.340,0.0002,0.0002
22.02.2016 08:04:03.229,9501.657,9500.407,0.0002,0.0002
22.02.2016 08:04:03.479,9500.990,9500.000,0.0002,0.0000
22.02.2016 08:04:03.542,9500.865,9500.000,0.0002,0.0000
22.02.2016 08:04:07.392,9501.323,9500.073,0.0002,0.0002
22.02.2016 08:04:07.501,9501.419,9500.169,0.0002,0.0002
22.02.2016 08:04:07.832,9501.590,9500.340,0.0002,0.0002
22.02.2016 08:04:07.943,9500.990,9499.740,0.0002,0.0002
22.02.2016 08:04:08.132,9500.990,9499.740,0.0002,0.0002
22.02.2016 08:04:08.194,9500.990,9500.000,0.0002,0.0000
22.02.2016 08:04:08.395,9500.990,9499.740,0.0002,0.0002
22.02.2016 08:04:08.712,9500.490,9499.240,0.0002,0.0002
22.02.2016 08:04:09.592,9500.347,9499.097,0.0002,0.0002
22.02.2016 08:04:09.703,9500.490,9499.240,0.0002,0.0002
22.02.2016 08:04:10.144,9500.690,9499.440,0.0002,0.0002
22.02.2016 08:04:10.802,9500.000,9499.000,0.0000,0.0002
22.02.2016 08:04:10.852,9503.740,9502.000,0.0002,0.0002
22.02.2016 08:04:11.059,9503.590,9502.340,0.0002,0.0002
22.02.2016 08:04:11.461,9503.590,9502.340,0.0002,0.0002
22.02.2016 08:04:11.877,9503.890,9502.640,0.0002,0.0002
22.02.2016 08:04:12.018,9504.115,9503.000,0.0002,0.0000
22.02.2016 08:04:12.218,9504.115,9503.000,0.0002,0.0000
22.02.2016 08:04:12.269,9504.490,9503.240,0.0002,0.0002
22.02.2016 08:04:12.342,9504.990,9503.740,0.0002,0.0002
22.02.2016 08:04:12.649,9504.990,9503.740,0.0002,0.0002
22.02.2016 08:04:12.781,9504.657,9503.407,0.0002,0.0002
22.02.2016 08:04:13.002,9504.823,9503.573,0.0002,0.0002
22.02.2016 08:04:13.254,9504.740,9503.490,0.0002,0.0002
22.02.2016 08:04:13.332,9504.990,9503.740,0.0002,0.0002
22.02.2016 08:04:13.944,9504.990,9503.740,0.0002,0.0002
22.02.2016 08:04:14.211,9504.590,9503.340,0.0002,0.0002
22.02.2016 08:04:14.520,9504.740,9503.490,0.0002,0.0002
22.02.2016 08:04:14.570,9504.323,9503.073,0.0002,0.0002
22.02.2016 08:04:15.048,9504.324,9504.000,0.0002,0.0000
22.02.2016 08:04:15.098,9504.824,9504.000,0.0002,0.0000
22.02.2016 08:04:15.312,9505.158,9504.000,0.0002,0.0000
22.02.2016 08:04:15.422,9504.824,9504.000,0.0002,0.0000
22.02.2016 08:04:15.972,9504.991,9504.000,0.0002,0.0000
22.02.2016 08:04:16.461,9504.991,9503.741,0.0002,0.0002
22.02.2016 08:04:16.522,9504.741,9503.491,0.0002,0.0002
22.02.2016 08:04:16.855,9504.741,9502.000,0.0003,0.0002
22.02.2016 08:04:17.025,9503.491,9502.241,0.0002,0.0002
22.02.2016 08:04:17.615,9503.824,9502.574,0.0002,0.0002
22.02.2016 08:04:17.842,9503.429,9502.179,0.0002,0.0002
22.02.2016 08:04:17.951,9503.880,9502.630,0.0002,0.0002
22.02.2016 08:04:18.142,9503.691,9502.441,0.0002,0.0002
22.02.2016 08:04:18.262,9503.691,9503.000,0.0002,0.0000
22.02.2016 08:04:18.313,9504.491,9503.241,0.0002,0.0002
22.02.2016 08:04:19.052,9504.591,9503.341,0.0002,0.0002
22.02.2016 08:04:19.472,9504.591,9503.341,0.0002,0.0002
22.02.2016 08:04:19.716,9506.991,9506.000,0.0002,0.0000
22.02.2016 08:04:20.351,9507.085,9506.000,0.0002,0.0000
22.02.2016 08:04:20.584,9507.100,9506.966,0.0002,0.0000
22.02.2016 08:04:20.634,9507.691,9507.000,0.0002,0.0000
22.02.2016 08:04:20.702,9507.741,9507.000,0.0002,0.0000
22.02.2016 08:04:20.785,9507.741,9506.491,0.0002,0.0002
22.02.2016 08:04:20.835,9507.366,9506.116,0.0002,0.0002
22.02.2016 08:04:21.464,9507.741,9507.000,0.0002,0.0000
22.02.2016 08:04:21.620,9507.824,9507.000,0.0002,0.0000
22.02.2016 08:04:21.712,9507.741,9507.000,0.0002,0.0000
22.02.2016 08:04:21.932,9508.241,9506.991,0.0002,0.0002
22.02.2016 08:04:22.041,9507.991,9507.000,0.0002,0.0000
22.02.2016 08:04:22.194,9507.991,9506.741,0.0002,0.0002
22.02.2016 08:04:22.421,9507.991,9506.741,0.0002,0.0002
22.02.2016 08:04:22.592,9507.658,9506.408,0.0002,0.0002
22.02.2016 08:04:22.736,9507.324,9506.074,0.0002,0.0002
22.02.2016 08:04:22.989,9507.324,9505.000,0.0003,0.0002
22.02.2016 08:04:23.040,9505.866,9505.000,0.0002,0.0000
22.02.2016 08:04:23.223,9505.866,9504.616,0.0002,0.0002
22.02.2016 08:04:23.361,9505.848,9504.598,0.0002,0.0002
22.02.2016 08:04:23.977,9505.848,9505.000,0.0002,0.0000
22.02.2016 08:04:24.287,9505.866,9505.000,0.0002,0.0000
22.02.2016 08:04:24.351,9505.991,9505.000,0.0002,0.0000
22.02.2016 08:04:24.406,9505.991,9504.741,0.0002,0.0002
22.02.2016 08:04:24.606,9505.991,9504.741,0.0002,0.0002
22.02.2016 08:04:24.726,9506.324,9504.000,0.0003,0.0002
22.02.2016 08:04:24.791,9506.191,9504.941,0.0003,0.0002
22.02.2016 08:04:24.842,9506.191,9505.000,0.0002,0.0000
22.02.2016 08:04:24.908,9506.191,9504.941,0.0003,0.0002
22.02.2016 08:04:25.113,9506.116,9504.866,0.0003,0.0002
22.02.2016 08:04:25.427,9506.116,9505.000,0.0002,0.0000
22.02.2016 08:04:26.222,9505.991,9505.000,0.0002,0.0000
22.02.2016 08:04:26.650,9505.991,9504.741,0.0002,0.0002
22.02.2016 08:04:26.771,9505.791,9504.541,0.0002,0.0002
22.02.2016 08:04:27.102,9505.658,9504.408,0.0002,0.0002
22.02.2016 08:04:27.202,9505.658,9504.408,0.0002,0.0002
22.02.2016 08:04:27.253,9508.000,9507.000,0.0002,0.0000
22.02.2016 08:04:27.836,9508.241,9508.000,0.0002,0.0000
22.02.2016 08:04:27.981,9508.491,9508.000,0.0002,0.0000
22.02.2016 08:04:28.037,9508.491,9507.241,0.0002,0.0002
22.02.2016 08:04:28.091,9508.741,9507.491,0.0002,0.0002
22.02.2016 08:04:28.202,9508.491,9507.241,0.0002,0.0002
22.02.2016 08:04:28.531,9508.824,9507.574,0.0002,0.0002
22.02.2016 08:04:28.863,9508.741,9507.491,0.0002,0.0002
22.02.2016 08:04:29.192,9508.891,9507.641,0.0002,0.0002
22.02.2016 08:04:29.334,9508.741,9507.491,0.0002,0.0002
22.02.2016 08:04:29.411,9508.491,9507.241,0.0002,0.0002
22.02.2016 08:04:29.797,9508.658,9507.408,0.0002,0.0002
22.02.2016 08:04:30.053,9508.766,9508.000,0.0002,0.0000
22.02.2016 08:04:30.157,9511.000,9509.000,0.0002,0.0000
22.02.2016 08:04:30.303,9510.991,9509.741,0.0002,0.0002
22.02.2016 08:04:30.717,9510.791,9509.541,0.0002,0.0002
22.02.2016 08:04:31.062,9513.658,9512.266,0.0002,0.0002
22.02.2016 08:04:31.281,9513.491,9512.241,0.0002,0.0002
22.02.2016 08:04:31.439,9513.324,9512.074,0.0002,0.0002
22.02.2016 08:04:31.634,9513.324,9512.074,0.0002,0.0002
22.02.2016 08:04:31.740,9513.991,9512.741,0.0002,0.0002
22.02.2016 08:04:32.051,9513.491,9512.241,0.0002,0.0002
22.02.2016 08:04:32.780,9512.705,9512.000,0.0002,0.0000
22.02.2016 08:04:32.831,9512.991,9512.000,0.0002,0.0000
22.02.2016 08:04:32.947,9513.241,9511.991,0.0002,0.0002
22.02.2016 08:04:33.591,9513.324,9512.074,0.0002,0.0002
22.02.2016 08:04:33.935,9512.891,9512.000,0.0002,0.0000
22.02.2016 08:04:34.252,9512.658,9511.408,0.0002,0.0002
22.02.2016 08:04:34.303,9512.658,9512.000,0.0002,0.0000
22.02.2016 08:04:34.362,9512.741,9512.000,0.0002,0.0000
22.02.2016 08:04:34.471,9513.158,9512.000,0.0002,0.0000
22.02.2016 08:04:34.522,9513.158,9512.000,0.0002,0.0000
22.02.2016 08:04:35.008,9513.591,9512.341,0.0002,0.0002
22.02.2016 08:04:35.791,9513.824,9512.569,0.0002,0.0002
22.02.2016 08:04:36.104,9513.848,9512.995,0.0002,0.0000
22.02.2016 08:04:36.296,9513.824,9512.995,0.0002,0.0000
22.02.2016 08:04:36.605,9513.769,9512.519,0.0002,0.0002
22.02.2016 08:04:37.001,9513.718,9512.468,0.0002,0.0002
22.02.2016 08:04:37.661,9513.741,9512.486,0.0002,0.0002
22.02.2016 08:04:37.991,9512.891,9511.641,0.0002,0.0002
22.02.2016 08:04:38.042,9512.891,9511.633,0.0002,0.0002
22.02.2016 08:04:38.101,9512.658,9511.408,0.0002,0.0002
22.02.2016 08:04:38.211,9512.391,9511.141,0.0002,0.0002
22.02.2016 08:04:39.641,9513.241,9511.991,0.0003,0.0002
22.02.2016 08:04:39.751,9512.324,9511.074,0.0002,0.0002
22.02.2016 08:04:40.741,9512.491,9511.241,0.0002,0.0002
22.02.2016 08:04:40.973,9512.866,9512.000,0.0002,0.0000
22.02.2016 08:04:41.106,9513.491,9512.241,0.0002,0.0002
22.02.2016 08:04:41.181,9512.991,9512.000,0.0002,0.0000
22.02.2016 08:04:41.621,9513.158,9512.000,0.0002,0.0000
22.02.2016 08:04:41.961,9513.158,9511.908,0.0003,0.0002
22.02.2016 08:04:42.597,9512.158,9511.000,0.0002,0.0000
22.02.2016 08:04:42.767,9512.158,9511.000,0.0002,0.0000
22.02.2016 08:04:42.880,9512.658,9511.408,0.0002,0.0002
22.02.2016 08:04:43.051,9512.491,9511.241,0.0002,0.0002
22.02.2016 08:04:43.271,9512.991,9511.741,0.0002,0.0002
22.02.2016 08:04:44.284,9512.991,9512.000,0.0002,0.0000
22.02.2016 08:04:44.481,9513.491,9512.241,0.0002,0.0002
22.02.2016 08:04:44.725,9512.991,9511.741,0.0002,0.0002
22.02.2016 08:04:45.479,9512.991,9512.000,0.0002,0.0000
22.02.2016 08:04:45.740,9513.205,9511.955,0.0002,0.0002
22.02.2016 08:04:45.911,9513.366,9512.116,0.0002,0.0002
22.02.2016 08:04:46.288,9513.991,9512.741,0.0002,0.0002
22.02.2016 08:04:46.351,9514.324,9512.000,0.0003,0.0002
22.02.2016 08:04:46.461,9513.991,9512.741,0.0002,0.0002
22.02.2016 08:04:46.989,9513.991,9511.000,0.0003,0.0002
22.02.2016 08:04:47.189,9512.891,9511.641,0.0002,0.0002
22.02.2016 08:04:47.239,9513.116,9511.866,0.0002,0.0002
22.02.2016 08:04:47.671,9512.824,9511.574,0.0002,0.0002
22.02.2016 08:04:47.891,9512.491,9511.241,0.0002,0.0002
22.02.2016 08:04:48.197,9512.491,9511.183,0.0002,0.0002
22.02.2016 08:04:48.248,9511.241,9509.991,0.0002,0.0002
22.02.2016 08:04:48.301,9511.241,9509.991,0.0002,0.0002
22.02.2016 08:04:48.611,9511.562,9509.000,0.0003,0.0002
22.02.2016 08:04:48.943,9511.091,9509.841,0.0003,0.0002
22.02.2016 08:04:49.006,9511.091,9509.841,0.0002,0.0002
22.02.2016 08:04:49.132,9511.741,9510.491,0.0002,0.0002
22.02.2016 08:04:49.595,9512.116,9511.000,0.0002,0.0000
22.02.2016 08:04:49.944,9512.116,9510.746,0.0002,0.0002
22.02.2016 08:04:50.110,9511.241,9509.991,0.0002,0.0002
22.02.2016 08:04:50.463,9510.991,9510.000,0.0002,0.0000
22.02.2016 08:04:51.163,9510.991,9509.741,0.0002,0.0002
22.02.2016 08:04:51.219,9512.000,9511.000,0.0002,0.0000
22.02.2016 08:04:51.462,9513.658,9512.000,0.0002,0.0002
22.02.2016 08:04:51.565,9513.241,9511.991,0.0002,0.0002
22.02.2016 08:04:51.882,9512.324,9511.074,0.0002,0.0002
22.02.2016 08:04:52.072,9511.991,9511.000,0.0002,0.0000
22.02.2016 08:04:52.131,9511.991,9510.741,0.0002,0.0002
22.02.2016 08:04:52.181,9512.241,9510.991,0.0002,0.0002
22.02.2016 08:04:52.291,9511.491,9510.241,0.0002,0.0002
22.02.2016 08:04:52.511,9510.991,9510.000,0.0002,0.0000
22.02.2016 08:04:53.171,9511.241,9509.991,0.0002,0.0002
22.02.2016 08:04:53.234,9511.241,9509.991,0.0002,0.0002
22.02.2016 08:04:53.391,9510.991,9509.741,0.0002,0.0002
22.02.2016 08:04:54.050,9510.866,9509.616,0.0002,0.0002
22.02.2016 08:04:54.371,9510.866,9509.370,0.0002,0.0002
22.02.2016 08:04:54.424,9510.158,9508.908,0.0002,0.0002
22.02.2016 08:04:54.524,9510.741,9509.491,0.0002,0.0002
22.02.2016 08:04:54.601,9510.491,9509.241,0.0002,0.0002
22.02.2016 08:04:54.652,9510.491,9509.241,0.0002,0.0002
22.02.2016 08:04:54.821,9510.741,9509.491,0.0002,0.0002
22.02.2016 08:04:55.125,9510.491,9509.241,0.0002,0.0002
22.02.2016 08:04:55.512,9510.491,9507.000,0.0002,0.0002
22.02.2016 08:04:55.591,9510.191,9508.783,0.0002,0.0002
22.02.2016 08:04:55.706,9509.991,9508.683,0.0002,0.0002
22.02.2016 08:04:56.254,9509.991,9509.000,0.0002,0.0000
22.02.2016 08:04:56.354,9509.991,9508.741,0.0002,0.0002
22.02.2016 08:04:56.484,9510.491,9509.241,0.0002,0.0002
22.02.2016 08:04:56.818,9510.658,9509.408,0.0002,0.0002
22.02.2016 08:04:56.911,9510.691,9509.441,0.0002,0.0002
22.02.2016 08:04:57.351,9510.616,9509.366,0.0002,0.0002
22.02.2016 08:04:58.231,9510.091,9509.000,0.0002,0.0000
22.02.2016 08:04:58.487,9510.241,9508.991,0.0002,0.0002
22.02.2016 08:04:59.572,9510.391,9509.141,0.0002,0.0002
22.02.2016 08:04:59.871,9510.391,9510.000,0.0002,0.0000
22.02.2016 08:04:59.992,9511.366,9510.116,0.0002,0.0002
22.02.2016 08:05:00.051,9511.616,9510.366,0.0002,0.0002
22.02.2016 08:05:00.394,9511.616,9510.366,0.0002,0.0002
22.02.2016 08:05:00.514,9512.091,9511.000,0.0002,0.0000
22.02.2016 08:05:00.882,9512.591,9512.000,0.0002,0.0000
22.02.2016 08:05:01.150,9512.791,9512.000,0.0002,0.0000
22.02.2016 08:05:01.317,9514.091,9513.000,0.0002,0.0000
22.02.2016 08:05:01.373,9514.291,9513.041,0.0002,0.0002
22.02.2016 08:05:01.941,9514.491,9513.241,0.0002,0.0002
22.02.2016 08:05:02.033,9513.891,9512.641,0.0002,0.0002
22.02.2016 08:05:02.093,9513.891,9512.641,0.0002,0.0002
22.02.2016 08:05:02.321,9513.891,9513.000,0.0002,0.0000
22.02.2016 08:05:02.613,9514.091,9513.000,0.0002,0.0000
22.02.2016 08:05:03.243,9513.991,9513.000,0.0002,0.0000
22.02.2016 08:05:03.550,9514.491,9513.241,0.0002,0.0002
22.02.2016 08:05:03.793,9514.991,9514.000,0.0002,0.0000
22.02.2016 08:05:03.923,9515.991,9514.741,0.0002,0.0002
22.02.2016 08:05:04.175,9515.616,9514.366,0.0002,0.0002
22.02.2016 08:05:04.424,9515.616,9515.000,0.0002,0.0000
22.02.2016 08:05:04.604,9516.158,9515.000,0.0002,0.0000
22.02.2016 08:05:05.209,9516.158,9516.000,0.0002,0.0000
22.02.2016 08:05:05.514,9516.158,9515.000,0.0002,0.0000
22.02.2016 08:05:05.565,9517.158,9515.908,0.0002,0.0002
22.02.2016 08:05:05.667,9515.991,9514.741,0.0002,0.0002
22.02.2016 08:05:05.773,9515.658,9514.408,0.0002,0.0002
22.02.2016 08:05:06.123,9515.824,9515.000,0.0002,0.0000
22.02.2016 08:05:06.229,9516.158,9513.000,0.0003,0.0002
22.02.2016 08:05:06.633,9514.158,9513.000,0.0002,0.0000
22.02.2016 08:05:06.683,9515.116,9513.866,0.0002,0.0002
22.02.2016 08:05:06.762,9514.848,9513.598,0.0002,0.0002
22.02.2016 08:05:06.827,9514.848,9514.000,0.0002,0.0000
22.02.2016 08:05:06.877,9516.241,9514.991,0.0002,0.0002
22.02.2016 08:05:06.983,9515.241,9513.991,0.0002,0.0002
22.02.2016 08:05:07.033,9515.241,9513.991,0.0002,0.0002
22.02.2016 08:05:07.367,9515.824,9514.574,0.0002,0.0002
22.02.2016 08:05:08.084,9515.241,9513.991,0.0002,0.0002
22.02.2016 08:05:08.237,9515.241,9513.991,0.0002,0.0002
22.02.2016 08:05:08.438,9514.991,9513.741,0.0002,0.0002
22.02.2016 08:05:08.702,9514.991,9514.000,0.0002,0.0000
22.02.2016 08:05:08.753,9515.241,9513.991,0.0002,0.0002
22.02.2016 08:05:08.963,9514.791,9513.541,0.0002,0.0002
22.02.2016 08:05:09.072,9514.991,9513.741,0.0002,0.0002
22.02.2016 08:05:09.389,9515.491,9514.241,0.0002,0.0002
22.02.2016 08:05:09.640,9515.241,9513.991,0.0002,0.0002
22.02.2016 08:05:09.690,9515.241,9513.991,0.0002,0.0002
22.02.2016 08:05:10.196,9515.491,9514.241,0.0002,0.0002
22.02.2016 08:05:11.052,9514.491,9513.241,0.0002,0.0002
22.02.2016 08:05:11.103,9514.491,9513.241,0.0002,0.0002
22.02.2016 08:05:11.163,9514.158,9513.000,0.0002,0.0000
22.02.2016 08:05:11.336,9512.116,9510.866,0.0003,0.0002
22.02.2016 08:05:11.388,9512.116,9510.866,0.0002,0.0002
22.02.2016 08:05:11.486,9512.116,9511.996,0.0002,0.0000
22.02.2016 08:05:11.536,9512.991,9512.000,0.0002,0.0000
22.02.2016 08:05:11.825,9513.291,9512.041,0.0002,0.0002
22.02.2016 08:05:11.888,9513.291,9511.000,0.0003,0.0002
22.02.2016 08:05:12.290,9512.191,9512.000,0.0002,0.0000
22.02.2016 08:05:12.483,9513.491,9512.241,0.0002,0.0002
22.02.2016 08:05:12.944,9513.241,9511.991,0.0002,0.0002
22.02.2016 08:05:13.253,9514.158,9512.766,0.0002,0.0002
22.02.2016 08:05:13.303,9514.158,9512.908,0.0002,0.0002
22.02.2016 08:05:13.803,9514.366,9513.116,0.0002,0.0002
22.02.2016 08:05:13.912,9514.277,9513.027,0.0002,0.0002
22.02.2016 08:05:14.247,9514.366,9513.116,0.0002,0.0002
22.02.2016 08:05:14.352,9514.277,9513.027,0.0002,0.0002
22.02.2016 08:05:14.572,9514.366,9513.111,0.0002,0.0002
22.02.2016 08:05:14.682,9514.277,9513.027,0.0002,0.0002
22.02.2016 08:05:15.374,9513.991,9512.741,0.0002,0.0002
22.02.2016 08:05:16.112,9514.191,9512.936,0.0002,0.0002
22.02.2016 08:05:17.259,9515.562,9514.307,0.0002,0.0002
22.02.2016 08:05:17.322,9515.291,9514.041,0.0002,0.0002
22.02.2016 08:05:17.859,9515.291,9513.000,0.0003,0.0002
22.02.2016 08:05:18.422,9514.741,9513.491,0.0002,0.0002
22.02.2016 08:05:19.135,9514.741,9514.000,0.0002,0.0000
22.02.2016 08:05:19.303,9515.491,9514.241,0.0002,0.0002
22.02.2016 08:05:19.633,9515.616,9514.366,0.0002,0.0002
22.02.2016 08:05:19.769,9515.491,9514.241,0.0002,0.0002
22.02.2016 08:05:19.852,9515.241,9513.991,0.0002,0.0002
22.02.2016 08:05:20.072,9515.491,9514.241,0.0002,0.0002
22.02.2016 08:05:20.801,9515.991,9514.741,0.0002,0.0002
22.02.2016 08:05:20.974,9515.241,9513.991,0.0002,0.0002
22.02.2016 08:05:21.676,9515.241,9515.000,0.0002,0.0000
22.02.2016 08:05:21.726,9515.824,9515.000,0.0002,0.0000
22.02.2016 08:05:21.776,9515.824,9514.574,0.0002,0.0002
22.02.2016 08:05:21.832,9515.491,9514.241,0.0002,0.0002
22.02.2016 08:05:22.382,9515.741,9514.491,0.0002,0.0002
22.02.2016 08:05:22.712,9515.891,9514.641,0.0002,0.0002
22.02.2016 08:05:24.580,9515.741,9514.491,0.0002,0.0002
22.02.2016 08:05:25.386,9515.091,9514.000,0.0002,0.0000
22.02.2016 08:05:25.825,9515.491,9514.241,0.0002,0.0002
22.02.2016 08:05:26.741,9515.616,9514.366,0.0002,0.0002
22.02.2016 08:05:27.442,9515.491,9514.241,0.0002,0.0002
22.02.2016 08:05:27.893,9515.391,9514.141,0.0002,0.0002
22.02.2016 08:05:28.016,9515.616,9514.366,0.0002,0.0002
22.02.2016 08:05:28.472,9515.241,9513.991,0.0002,0.0002
22.02.2016 08:05:28.542,9515.491,9514.241,0.0002,0.0002
22.02.2016 08:05:28.725,9514.891,9513.641,0.0002,0.0002
22.02.2016 08:05:28.982,9515.491,9514.241,0.0002,0.0002
22.02.2016 08:05:29.575,9515.658,9514.408,0.0002,0.0002
22.02.2016 08:05:29.845,9515.658,9514.408,0.0002,0.0002
22.02.2016 08:05:29.895,9517.158,9515.908,0.0002,0.0002
22.02.2016 08:05:30.248,9517.158,9517.000,0.0002,0.0000
22.02.2016 08:05:30.302,9518.562,9517.312,0.0002,0.0002
22.02.2016 08:05:30.980,9518.658,9517.408,0.0002,0.0002
22.02.2016 08:05:31.044,9518.658,9518.000,0.0002,0.0000
22.02.2016 08:05:31.300,9519.158,9518.000,0.0002,0.0000
22.02.2016 08:05:31.512,9519.891,9518.641,0.0002,0.0002
22.02.2016 08:05:31.881,9519.991,9518.741,0.0002,0.0002
22.02.2016 08:05:32.002,9519.241,9517.991,0.0002,0.0002
22.02.2016 08:05:32.541,9519.391,9518.141,0.0002,0.0002
22.02.2016 08:05:32.887,9519.391,9518.141,0.0002,0.0002
22.02.2016 08:05:33.105,9519.391,9518.141,0.0002,0.0002
22.02.2016 08:05:33.162,9520.366,9518.000,0.0003,0.0002
22.02.2016 08:05:33.306,9519.991,9519.000,0.0002,0.0000
22.02.2016 08:05:34.042,9520.241,9518.991,0.0002,0.0002
22.02.2016 08:05:34.190,9520.324,9519.074,0.0002,0.0002
22.02.2016 08:05:34.309,9518.000,9517.000,0.0000,0.0002
22.02.2016 08:05:34.502,9517.616,9516.366,0.0002,0.0002
22.02.2016 08:05:34.901,9517.616,9517.000,0.0002,0.0000
22.02.2016 08:05:35.217,9517.991,9517.000,0.0002,0.0000
22.02.2016 08:05:35.472,9517.866,9517.000,0.0002,0.0000
22.02.2016 08:05:35.905,9517.866,9516.616,0.0002,0.0002
22.02.2016 08:05:36.022,9518.241,9516.991,0.0002,0.0002
22.02.2016 08:05:36.132,9518.102,9516.852,0.0002,0.0002
22.02.2016 08:05:37.111,9518.102,9516.738,0.0002,0.0002
22.02.2016 08:05:37.232,9517.491,9516.241,0.0002,0.0002
22.02.2016 08:05:38.114,9517.491,9516.241,0.0002,0.0002
22.02.2016 08:05:38.164,9517.562,9516.312,0.0002,0.0002
22.02.2016 08:05:38.741,9517.634,9516.384,0.0002,0.0002
22.02.2016 08:05:39.611,9517.658,9516.408,0.0002,0.0002
22.02.2016 08:05:39.721,9517.658,9512.000,0.0002,0.0002
22.02.2016 08:05:39.872,9514.991,9513.741,0.0002,0.0002
22.02.2016 08:05:40.202,9515.491,9514.236,0.0002,0.0002
22.02.2016 08:05:40.752,9515.241,9513.991,0.0002,0.0002
22.02.2016 08:05:40.887,9515.491,9514.236,0.0002,0.0002
22.02.2016 08:05:41.435,9515.741,9514.486,0.0002,0.0002
22.02.2016 08:05:41.836,9515.741,9514.486,0.0002,0.0002
22.02.2016 08:05:42.072,9515.991,9514.736,0.0002,0.0002
22.02.2016 08:05:42.387,9516.116,9514.995,0.0002,0.0000
22.02.2016 08:05:42.764,9516.491,9515.236,0.0002,0.0002
22.02.2016 08:05:43.502,9516.824,9515.569,0.0002,0.0002
22.02.2016 08:05:43.552,9516.824,9515.995,0.0002,0.0000
22.02.2016 08:05:44.211,9516.741,9515.491,0.0002,0.0002
22.02.2016 08:05:44.355,9516.991,9515.995,0.0002,0.0000
22.02.2016 08:05:45.058,9516.991,9515.741,0.0002,0.0002
22.02.2016 08:05:45.152,9516.491,9515.241,0.0002,0.0002
22.02.2016 08:05:45.262,9516.291,9515.041,0.0002,0.0002
22.02.2016 08:05:45.647,9516.491,9515.241,0.0002,0.0002
22.02.2016 08:05:46.142,9516.591,9515.341,0.0002,0.0002
22.02.2016 08:05:46.592,9516.741,9516.000,0.0002,0.0000
22.02.2016 08:05:46.992,9516.591,9516.000,0.0002,0.0000
22.02.2016 08:05:47.042,9516.591,9515.341,0.0002,0.0002
22.02.2016 08:05:47.167,9516.591,9514.000,0.0003,0.0002
22.02.2016 08:05:47.242,9515.491,9514.241,0.0002,0.0002
22.02.2016 08:05:47.951,9515.741,9514.491,0.0002,0.0002
22.02.2016 08:05:48.401,9515.741,9515.000,0.0002,0.0000
22.02.2016 08:05:48.603,9515.824,9515.000,0.0002,0.0000
22.02.2016 08:05:48.891,9515.991,9515.000,0.0002,0.0000
22.02.2016 08:05:49.254,9516.241,9514.991,0.0002,0.0002
22.02.2016 08:05:49.881,9516.491,9515.241,0.0002,0.0002
22.02.2016 08:05:50.101,9516.241,9514.991,0.0002,0.0002
22.02.2016 08:05:50.328,9515.824,9515.000,0.0002,0.0000
22.02.2016 08:05:50.584,9515.777,9514.527,0.0002,0.0002
22.02.2016 08:05:50.652,9515.824,9514.574,0.0002,0.0002
22.02.2016 08:05:51.104,9515.848,9514.598,0.0002,0.0002
22.02.2016 08:05:51.183,9515.848,9514.598,0.0002,0.0002
22.02.2016 08:05:51.285,9515.848,9515.000,0.0002,0.0000
22.02.2016 08:05:51.335,9516.191,9515.000,0.0002,0.0000
22.02.2016 08:05:51.436,9515.991,9515.000,0.0002,0.0000
22.02.2016 08:05:51.758,9516.491,9515.241,0.0002,0.0002
22.02.2016 08:05:53.291,9516.324,9515.074,0.0002,0.0002
22.02.2016 08:05:53.414,9516.366,9515.116,0.0002,0.0002
22.02.2016 08:05:54.282,9515.991,9515.000,0.0002,0.0000
22.02.2016 08:05:54.831,9516.291,9515.041,0.0002,0.0002
22.02.2016 08:05:55.055,9516.205,9514.955,0.0002,0.0002
22.02.2016 08:05:55.163,9516.491,9515.241,0.0002,0.0002
22.02.2016 08:05:55.514,9516.616,9515.366,0.0002,0.0002
22.02.2016 08:05:55.931,9516.562,9515.312,0.0002,0.0002
22.02.2016 08:05:56.350,9516.491,9515.241,0.0002,0.0002
22.02.2016 08:05:56.968,9516.366,9515.116,0.0002,0.0002
22.02.2016 08:05:57.032,9516.602,9515.352,0.0002,0.0002
22.02.2016 08:05:57.581,9516.291,9515.041,0.0002,0.0002
22.02.2016 08:05:58.241,9516.158,9515.000,0.0002,0.0000
22.02.2016 08:05:58.649,9516.158,9514.766,0.0002,0.0002
22.02.2016 08:05:58.901,9514.429,9514.000,0.0002,0.0000
22.02.2016 08:05:59.137,9515.324,9514.074,0.0002,0.0002
22.02.2016 08:05:59.215,9515.324,9513.000,0.0003,0.0002
22.02.2016 08:05:59.265,9514.991,9513.741,0.0002,0.0002
22.02.2016 08:06:00.319,9514.991,9513.741,0.0002,0.0002
22.02.2016 08:06:00.369,9515.116,9513.866,0.0002,0.0002
22.02.2016 08:06:00.724,9515.991,9514.741,0.0002,0.0002
22.02.2016 08:06:01.254,9516.116,9514.866,0.0003,0.0002
22.02.2016 08:06:01.476,9516.116,9514.866,0.0002,0.0002
22.02.2016 08:06:01.676,9516.116,9515.000,0.0002,0.0000
22.02.2016 08:06:05.173,9515.891,9515.000,0.0002,0.0000
22.02.2016 08:06:05.501,9516.158,9515.000,0.0002,0.0000
22.02.2016 08:06:06.491,9516.691,9515.441,0.0002,0.0002
22.02.2016 08:06:06.601,9516.634,9515.384,0.0002,0.0002
22.02.2016 08:06:06.931,9516.891,9515.641,0.0002,0.0002
22.02.2016 08:06:07.087,9515.824,9515.000,0.0002,0.0000
22.02.2016 08:06:07.151,9515.991,9515.000,0.0002,0.0000
22.02.2016 08:06:07.592,9516.741,9515.491,0.0002,0.0002
22.02.2016 08:06:08.490,9516.491,9515.241,0.0002,0.0002
22.02.2016 08:06:08.691,9516.848,9515.598,0.0002,0.0002
22.02.2016 08:06:08.801,9516.591,9515.341,0.0002,0.0002
22.02.2016 08:06:09.391,9516.591,9516.000,0.0002,0.0000
22.02.2016 08:06:09.705,9518.116,9516.866,0.0003,0.0002
22.02.2016 08:06:09.756,9517.991,9517.000,0.0002,0.0000
22.02.2016 08:06:09.892,9517.991,9516.683,0.0002,0.0002
22.02.2016 08:06:10.047,9517.616,9516.366,0.0002,0.0002
22.02.2016 08:06:10.122,9517.491,9516.241,0.0002,0.0002
22.02.2016 08:06:10.300,9517.491,9517.000,0.0002,0.0000
22.02.2016 08:06:10.351,9517.658,9517.000,0.0002,0.0000
22.02.2016 08:06:10.486,9518.191,9517.000,0.0002,0.0000
22.02.2016 08:06:10.768,9518.420,9517.170,0.0002,0.0002
22.02.2016 08:06:10.820,9518.241,9516.991,0.0002,0.0002
22.02.2016 08:06:11.505,9518.191,9516.941,0.0003,0.0002
22.02.2016 08:06:11.555,9517.241,9515.991,0.0002,0.0002
22.02.2016 08:06:11.692,9518.158,9516.908,0.0003,0.0002
22.02.2016 08:06:11.743,9518.158,9517.000,0.0002,0.0000
22.02.2016 08:06:11.889,9518.158,9518.000,0.0002,0.0000
22.02.2016 08:06:11.939,9518.491,9517.241,0.0002,0.0002
22.02.2016 08:06:12.512,9520.000,9519.000,0.0002,0.0000
22.02.2016 08:06:12.898,9520.324,9519.074,0.0002,0.0002
22.02.2016 08:06:13.315,9520.324,9518.000,0.0003,0.0002
22.02.2016 08:06:13.421,9519.741,9518.491,0.0002,0.0002
22.02.2016 08:06:13.517,9519.741,9519.000,0.0002,0.0000
22.02.2016 08:06:13.641,9519.491,9519.000,0.0002,0.0000
22.02.2016 08:06:13.882,9520.491,9519.241,0.0002,0.0002
22.02.2016 08:06:14.309,9519.741,9519.000,0.0002,0.0000
22.02.2016 08:06:14.413,9519.491,9518.241,0.0002,0.0002
22.02.2016 08:06:14.741,9518.991,9518.000,0.0002,0.0000
22.02.2016 08:06:14.922,9518.991,9517.741,0.0002,0.0002
22.02.2016 08:06:14.973,9518.891,9517.641,0.0002,0.0002
22.02.2016 08:06:15.420,9518.491,9517.241,0.0002,0.0002
22.02.2016 08:06:15.731,9517.991,9517.000,0.0002,0.0000
22.02.2016 08:06:15.892,9518.158,9517.000,0.0002,0.0000
22.02.2016 08:06:15.943,9518.158,9516.908,0.0003,0.0002
22.02.2016 08:06:16.131,9518.158,9517.000,0.0002,0.0000
22.02.2016 08:06:16.182,9518.791,9517.541,0.0002,0.0002
22.02.2016 08:06:16.640,9518.848,9518.000,0.0002,0.0000
22.02.2016 08:06:16.864,9519.348,9518.098,0.0002,0.0002
22.02.2016 08:06:17.821,9519.562,9518.312,0.0002,0.0002
22.02.2016 08:06:18.492,9519.491,9518.241,0.0002,0.0002
22.02.2016 08:06:19.039,9519.435,9518.185,0.0002,0.0002
22.02.2016 08:06:19.141,9518.241,9518.000,0.0002,0.0000
22.02.2016 08:06:19.280,9518.741,9518.000,0.0002,0.0000
22.02.2016 08:06:19.330,9518.741,9517.491,0.0002,0.0002
22.02.2016 08:06:19.591,9518.741,9518.000,0.0002,0.0000
22.02.2016 08:06:19.691,9518.991,9518.000,0.0002,0.0000
22.02.2016 08:06:19.835,9519.158,9518.000,0.0002,0.0000
22.02.2016 08:06:19.952,9519.158,9517.908,0.0003,0.0002
22.02.2016 08:06:20.131,9518.116,9517.000,0.0002,0.0000
22.02.2016 08:06:20.242,9518.491,9517.241,0.0002,0.0002
22.02.2016 08:06:20.972,9518.491,9516.000,0.0003,0.0002
22.02.2016 08:06:21.022,9517.991,9516.741,0.0002,0.0002
22.02.2016 08:06:21.451,9518.116,9516.866,0.0003,0.0002
22.02.2016 08:06:21.574,9518.116,9516.866,0.0002,0.0002
22.02.2016 08:06:21.791,9518.191,9516.941,0.0002,0.0002
22.02.2016 08:06:22.451,9517.420,9516.170,0.0002,0.0002
22.02.2016 08:06:22.561,9517.491,9516.241,0.0002,0.0002
22.02.2016 08:06:22.880,9516.991,9516.000,0.0002,0.0000
22.02.2016 08:06:24.034,9516.991,9515.741,0.0002,0.0002
22.02.2016 08:06:24.138,9516.991,9516.000,0.0002,0.0000
22.02.2016 08:06:24.321,9517.158,9516.000,0.0002,0.0000
22.02.2016 08:06:24.431,9516.741,9516.000,0.0002,0.0000
22.02.2016 08:06:25.091,9516.658,9516.000,0.0002,0.0000
22.02.2016 08:06:25.487,9516.658,9515.408,0.0002,0.0002
22.02.2016 08:06:27.181,9516.591,9515.341,0.0002,0.0002
22.02.2016 08:06:27.291,9516.091,9515.000,0.0002,0.0000
22.02.2016 08:06:28.679,9515.824,9514.574,0.0002,0.0002
22.02.2016 08:06:28.730,9515.491,9514.241,0.0002,0.0002
22.02.2016 08:06:28.853,9515.658,9514.408,0.0002,0.0002
22.02.2016 08:06:29.204,9515.741,9514.491,0.0002,0.0002
22.02.2016 08:06:29.320,9515.241,9513.991,0.0002,0.0002
22.02.2016 08:06:29.431,9515.116,9513.866,0.0003,0.0002
22.02.2016 08:06:29.613,9514.324,9513.074,0.0002,0.0002
22.02.2016 08:06:29.929,9513.812,9513.000,0.0002,0.0000
22.02.2016 08:06:30.056,9513.812,9512.562,0.0002,0.0002
22.02.2016 08:06:30.115,9513.812,9512.562,0.0002,0.0002
22.02.2016 08:06:30.371,9513.366,9512.116,0.0002,0.0002
22.02.2016 08:06:30.477,9513.366,9512.116,0.0002,0.0002
22.02.2016 08:06:30.528,9513.158,9513.000,0.0002,0.0000
22.02.2016 08:06:30.811,9514.891,9513.641,0.0002,0.0002
22.02.2016 08:06:31.251,9514.366,9513.116,0.0002,0.0002
22.02.2016 08:06:31.631,9514.324,9513.074,0.0002,0.0002
22.02.2016 08:06:31.959,9513.908,9512.658,0.0002,0.0002
22.02.2016 08:06:32.136,9513.891,9512.641,0.0002,0.0002
22.02.2016 08:06:32.259,9513.809,9512.559,0.0002,0.0002
22.02.2016 08:06:32.461,9513.991,9512.741,0.0002,0.0002
22.02.2016 08:06:32.527,9513.991,9513.000,0.0002,0.0000
22.02.2016 08:06:32.759,9513.991,9512.741,0.0002,0.0002
22.02.2016 08:06:32.901,9513.809,9512.559,0.0002,0.0002
22.02.2016 08:06:33.562,9513.741,9513.000,0.0002,0.0000
22.02.2016 08:06:33.685,9514.241,9512.991,0.0002,0.0002
22.02.2016 08:06:33.736,9514.241,9512.991,0.0003,0.0002
22.02.2016 08:06:33.786,9513.683,9512.433,0.0002,0.0002
22.02.2016 08:06:33.891,9513.441,9512.191,0.0002,0.0002
22.02.2016 08:06:34.264,9512.491,9511.241,0.0002,0.0002
22.02.2016 08:06:34.331,9512.291,9511.041,0.0002,0.0002
22.02.2016 08:06:34.692,9511.291,9511.000,0.0002,0.0000
22.02.2016 08:06:34.743,9513.000,9512.000,0.0002,0.0000
22.02.2016 08:06:34.793,9512.791,9512.000,0.0002,0.0000
22.02.2016 08:06:34.944,9512.277,9511.027,0.0002,0.0002
22.02.2016 08:06:35.144,9512.866,9511.616,0.0002,0.0002
22.02.2016 08:06:35.466,9513.741,9512.491,0.0002,0.0002
22.02.2016 08:06:35.541,9513.658,9512.408,0.0002,0.0002
22.02.2016 08:06:35.871,9513.491,9512.241,0.0002,0.0002
22.02.2016 08:06:35.981,9512.991,9512.000,0.0002,0.0000
22.02.2016 08:06:37.411,9512.866,9512.000,0.0002,0.0000
22.02.2016 08:06:37.821,9512.741,9511.491,0.0002,0.0002
22.02.2016 08:06:38.162,9512.991,9511.741,0.0002,0.0002
22.02.2016 08:06:38.212,9512.991,9512.000,0.0002,0.0000
22.02.2016 08:06:38.363,9512.991,9511.741,0.0002,0.0002
22.02.2016 08:06:38.557,9512.062,9511.000,0.0002,0.0000
22.02.2016 08:06:38.960,9511.929,9511.000,0.0002,0.0000
22.02.2016 08:06:39.170,9512.591,9510.000,0.0003,0.0002
22.02.2016 08:06:39.221,9512.591,9512.000,0.0002,0.0002
22.02.2016 08:06:39.442,9512.062,9511.000,0.0002,0.0000
22.02.2016 08:06:39.964,9511.991,9511.000,0.0002,0.0000
22.02.2016 08:06:40.279,9511.991,9510.741,0.0002,0.0002
22.02.2016 08:06:40.381,9510.741,9510.000,0.0002,0.0000
22.02.2016 08:06:40.491,9510.991,9510.000,0.0002,0.0000
22.02.2016 08:06:41.150,9511.062,9510.000,0.0002,0.0000
22.02.2016 08:06:41.201,9511.062,9509.812,0.0003,0.0002
22.02.2016 08:06:41.370,9510.929,9509.679,0.0002,0.0002
22.02.2016 08:06:41.987,9510.929,9510.000,0.0002,0.0000
22.02.2016 08:06:42.038,9511.158,9510.000,0.0002,0.0000
22.02.2016 08:06:42.188,9511.158,9509.908,0.0003,0.0002
22.02.2016 08:06:42.379,9510.991,9509.741,0.0002,0.0002
22.02.2016 08:06:42.430,9510.991,9510.000,0.0002,0.0000
22.02.2016 08:06:42.480,9510.891,9510.000,0.0002,0.0000
22.02.2016 08:06:42.691,9510.991,9510.000,0.0002,0.0000
22.02.2016 08:06:42.911,9511.054,9510.000,0.0002,0.0000
22.02.2016 08:06:43.166,9510.920,9510.000,0.0002,0.0000
22.02.2016 08:06:43.493,9510.741,9510.000,0.0002,0.0000
22.02.2016 08:06:43.695,9510.741,9509.491,0.0002,0.0002
22.02.2016 08:06:43.790,9509.991,9508.741,0.0002,0.0002
22.02.2016 08:06:44.139,9510.324,9509.074,0.0002,0.0002
22.02.2016 08:06:44.278,9510.241,9508.991,0.0002,0.0002
22.02.2016 08:06:44.383,9509.824,9509.000,0.0002,0.0000
22.02.2016 08:06:44.547,9510.158,9509.000,0.0002,0.0000
22.02.2016 08:06:44.671,9510.791,9509.541,0.0002,0.0002
22.02.2016 08:06:45.221,9510.391,9509.141,0.0002,0.0002
22.02.2016 08:06:45.712,9510.366,9510.000,0.0002,0.0000
22.02.2016 08:06:45.894,9510.935,9510.000,0.0002,0.0000
22.02.2016 08:06:46.110,9510.935,9509.685,0.0002,0.0002
22.02.2016 08:06:46.210,9511.491,9510.241,0.0002,0.0002
22.02.2016 08:06:46.537,9511.891,9510.633,0.0002,0.0002
22.02.2016 08:06:46.587,9511.491,9510.241,0.0002,0.0002
22.02.2016 08:06:47.795,9512.391,9510.000,0.0003,0.0002
22.02.2016 08:06:47.861,9511.991,9510.741,0.0002,0.0002
22.02.2016 08:06:48.018,9511.991,9511.000,0.0002,0.0000
22.02.2016 08:06:48.080,9512.158,9511.000,0.0002,0.0000
22.02.2016 08:06:48.411,9511.824,9511.000,0.0002,0.0000
22.02.2016 08:06:48.821,9511.824,9510.574,0.0002,0.0002
22.02.2016 08:06:49.200,9511.091,9510.000,0.0002,0.0000
22.02.2016 08:06:49.400,9511.920,9510.670,0.0002,0.0002
22.02.2016 08:06:49.511,9511.745,9510.495,0.0002,0.0002
22.02.2016 08:06:49.731,9511.495,9510.245,0.0002,0.0002
22.02.2016 08:06:49.838,9511.495,9509.000,0.0003,0.0002
22.02.2016 08:06:49.888,9510.495,9509.245,0.0002,0.0002
22.02.2016 08:06:50.549,9510.695,9509.445,0.0002,0.0002
22.02.2016 08:06:50.745,9510.695,9509.445,0.0002,0.0002
22.02.2016 08:06:50.830,9511.245,9509.995,0.0002,0.0002
22.02.2016 08:06:51.244,9511.245,9509.995,0.0002,0.0002
22.02.2016 08:06:51.295,9511.495,9510.245,0.0002,0.0002
22.02.2016 08:06:51.405,9511.884,9510.634,0.0002,0.0002
22.02.2016 08:06:51.710,9512.945,9512.000,0.0002,0.0000
22.02.2016 08:06:51.761,9512.945,9511.695,0.0002,0.0002
22.02.2016 08:06:51.820,9512.162,9511.000,0.0002,0.0000
22.02.2016 08:06:52.151,9511.495,9510.245,0.0002,0.0002
22.02.2016 08:06:52.458,9511.745,9510.495,0.0002,0.0002
22.02.2016 08:06:52.509,9511.495,9510.245,0.0002,0.0002
22.02.2016 08:06:52.711,9511.995,9509.000,0.0003,0.0002
22.02.2016 08:06:52.811,9510.495,9509.245,0.0002,0.0002
22.02.2016 08:06:54.020,9510.620,9509.370,0.0002,0.0002
22.02.2016 08:06:54.350,9510.495,9509.245,0.0002,0.0002
22.02.2016 08:06:54.460,9510.620,9509.370,0.0002,0.0002
22.02.2016 08:06:55.340,9509.828,9509.000,0.0002,0.0000
22.02.2016 08:06:55.451,9509.995,9509.000,0.0002,0.0000
22.02.2016 08:06:55.560,9509.924,9509.000,0.0002,0.0000
22.02.2016 08:06:55.919,9509.995,9509.000,0.0002,0.0000
22.02.2016 08:06:56.118,9510.162,9509.000,0.0002,0.0000
22.02.2016 08:06:56.440,9509.995,9509.000,0.0002,0.0000
22.02.2016 08:06:57.077,9509.995,9508.745,0.0002,0.0002
22.02.2016 08:06:57.128,9509.138,9508.000,0.0002,0.0000
22.02.2016 08:06:57.321,9508.662,9508.000,0.0002,0.0000
22.02.2016 08:06:58.022,9508.662,9507.412,0.0002,0.0002
22.02.2016 08:06:58.329,9508.662,9508.000,0.0002,0.0000
22.02.2016 08:06:58.433,9508.638,9508.000,0.0002,0.0000
22.02.2016 08:06:58.746,9508.638,9507.388,0.0002,0.0002
22.02.2016 08:06:58.803,9508.638,9508.000,0.0002,0.0000
22.02.2016 08:06:59.190,9510.245,9508.995,0.0003,0.0002
22.02.2016 08:06:59.390,9510.495,9509.245,0.0002,0.0002
22.02.2016 08:06:59.441,9510.745,9509.495,0.0002,0.0002
22.02.2016 08:06:59.740,9510.495,9509.245,0.0002,0.0002
22.02.2016 08:07:00.290,9510.745,9509.495,0.0002,0.0002
22.02.2016 08:07:01.061,9509.995,9509.000,0.0002,0.0000
22.02.2016 08:07:01.170,9510.162,9509.000,0.0002,0.0000
22.02.2016 08:07:01.730,9510.638,9509.388,0.0002,0.0002
22.02.2016 08:07:01.845,9511.328,9510.078,0.0002,0.0002
22.02.2016 08:07:01.940,9511.138,9509.888,0.0002,0.0002
22.02.2016 08:07:02.160,9510.995,9509.745,0.0002,0.0002
22.02.2016 08:07:02.632,9512.000,9511.000,0.0002,0.0000
22.02.2016 08:07:02.933,9512.328,9511.078,0.0002,0.0002
22.02.2016 08:07:03.445,9512.595,9512.000,0.0002,0.0000
22.02.2016 08:07:03.591,9513.217,9511.967,0.0002,0.0002
22.02.2016 08:07:04.251,9513.295,9512.045,0.0002,0.0002
22.02.2016 08:07:06.046,9513.328,9512.078,0.0002,0.0002
22.02.2016 08:07:06.120,9513.245,9511.995,0.0002,0.0002
22.02.2016 08:07:06.340,9513.328,9512.078,0.0002,0.0002
22.02.2016 08:07:06.560,9513.245,9511.995,0.0002,0.0002
22.02.2016 08:07:06.891,9513.328,9512.078,0.0002,0.0002
22.02.2016 08:07:07.904,9511.745,9510.495,0.0002,0.0002
22.02.2016 08:07:07.958,9511.745,9510.495,0.0002,0.0002
22.02.2016 08:07:08.393,9511.895,9510.645,0.0002,0.0002
22.02.2016 08:07:08.540,9511.745,9510.495,0.0002,0.0002
22.02.2016 08:07:08.796,9511.745,9509.000,0.0003,0.0002
22.02.2016 08:07:09.339,9510.328,9509.078,0.0002,0.0002
22.02.2016 08:07:09.642,9510.245,9508.995,0.0002,0.0002
22.02.2016 08:07:09.974,9510.328,9509.078,0.0002,0.0002
22.02.2016 08:07:10.444,9511.795,9510.545,0.0002,0.0002
22.02.2016 08:07:10.495,9511.795,9511.000,0.0002,0.0000
22.02.2016 08:07:10.546,9512.095,9511.000,0.0002,0.0000
22.02.2016 08:07:10.648,9511.695,9511.000,0.0002,0.0000
22.02.2016 08:07:11.389,9511.695,9510.445,0.0002,0.0002
22.02.2016 08:07:11.541,9510.995,9510.000,0.0002,0.0000
22.02.2016 08:07:11.793,9510.995,9509.745,0.0002,0.0002
22.02.2016 08:07:11.843,9510.745,9509.495,0.0002,0.0002
22.02.2016 08:07:12.060,9510.370,9509.120,0.0002,0.0002
22.02.2016 08:07:12.875,9509.995,9509.000,0.0002,0.0000
22.02.2016 08:07:12.940,9510.245,9508.995,0.0002,0.0002
22.02.2016 08:07:13.000,9510.245,9510.000,0.0002,0.0000
22.02.2016 08:07:13.050,9510.745,9510.000,0.0002,0.0000
22.02.2016 08:07:13.160,9510.328,9510.000,0.0002,0.0000
22.02.2016 08:07:13.211,9510.328,9509.078,0.0002,0.0002
22.02.2016 08:07:13.600,9510.395,9509.145,0.0002,0.0002
22.02.2016 08:07:14.006,9512.000,9511.000,0.0002,0.0000
22.02.2016 08:07:14.057,9512.352,9511.102,0.0002,0.0002
22.02.2016 08:07:14.150,9512.138,9511.000,0.0002,0.0000
22.02.2016 08:07:14.480,9512.395,9511.145,0.0002,0.0002
22.02.2016 08:07:14.641,9511.295,9510.045,0.0002,0.0002
22.02.2016 08:07:14.700,9511.162,9510.000,0.0002,0.0000
22.02.2016 08:07:14.858,9510.995,9510.000,0.0002,0.0000
22.02.2016 08:07:15.250,9511.245,9509.995,0.0002,0.0002
22.02.2016 08:07:15.360,9510.995,9510.000,0.0002,0.0000
22.02.2016 08:07:15.711,9510.328,9509.078,0.0002,0.0002
22.02.2016 08:07:15.800,9510.245,9508.995,0.0002,0.0002
22.02.2016 08:07:16.020,9510.395,9509.145,0.0002,0.0002
22.02.2016 08:07:17.424,9510.395,9508.000,0.0003,0.0002
22.02.2016 08:07:17.598,9510.162,9508.912,0.0003,0.0002
22.02.2016 08:07:17.649,9510.162,9509.000,0.0002,0.0000
22.02.2016 08:07:18.110,9510.370,9509.120,0.0002,0.0002
22.02.2016 08:07:18.419,9511.495,9510.245,0.0002,0.0002
22.02.2016 08:07:19.141,9510.995,9510.000,0.0002,0.0000
22.02.2016 08:07:19.370,9511.245,9509.995,0.0002,0.0002
22.02.2016 08:07:19.771,9511.245,9509.995,0.0002,0.0002
22.02.2016 08:07:19.837,9511.245,9511.000,0.0002,0.0000
22.02.2016 08:07:19.980,9512.495,9511.245,0.0002,0.0002
22.02.2016 08:07:20.119,9512.328,9511.078,0.0002,0.0002
22.02.2016 08:07:20.319,9512.495,9511.245,0.0002,0.0002
22.02.2016 08:07:20.673,9512.495,9512.000,0.0002,0.0000
22.02.2016 08:07:20.750,9513.162,9512.000,0.0002,0.0000
22.02.2016 08:07:21.658,9513.745,9512.495,0.0002,0.0002
22.02.2016 08:07:22.226,9513.495,9512.245,0.0002,0.0002
22.02.2016 08:07:22.563,9513.495,9511.000,0.0003,0.0002
22.02.2016 08:07:22.778,9512.095,9509.000,0.0003,0.0002
22.02.2016 08:07:23.129,9510.745,9509.495,0.0002,0.0002
22.02.2016 08:07:23.403,9510.745,9509.495,0.0002,0.0002
22.02.2016 08:07:23.610,9510.995,9509.745,0.0002,0.0002
22.02.2016 08:07:24.093,9511.328,9510.078,0.0002,0.0002
22.02.2016 08:07:24.409,9510.795,9509.545,0.0002,0.0002
22.02.2016 08:07:24.500,9510.795,9509.545,0.0002,0.0002
22.02.2016 08:07:24.600,9510.745,9509.495,0.0002,0.0002
22.02.2016 08:07:24.720,9510.595,9509.345,0.0002,0.0002
22.02.2016 08:07:24.930,9510.245,9508.995,0.0002,0.0002
22.02.2016 08:07:25.040,9509.995,9509.000,0.0002,0.0000
22.02.2016 08:07:26.841,9510.495,9509.245,0.0002,0.0002
22.02.2016 08:07:28.022,9510.352,9509.102,0.0002,0.0002
22.02.2016 08:07:29.015,9510.352,9510.000,0.0002,0.0000
22.02.2016 08:07:29.142,9510.352,9509.102,0.0002,0.0002
22.02.2016 08:07:29.443,9510.495,9509.245,0.0002,0.0002
22.02.2016 08:07:29.719,9510.495,9509.245,0.0002,0.0002
22.02.2016 08:07:29.821,9512.000,9511.000,0.0002,0.0000
22.02.2016 08:07:30.374,9512.495,9511.245,0.0002,0.0002
22.02.2016 08:07:30.741,9512.495,9512.000,0.0002,0.0000
22.02.2016 08:07:30.828,9514.000,9513.000,0.0002,0.0000
22.02.2016 08:07:30.879,9513.841,9513.000,0.0002,0.0000
22.02.2016 08:07:31.750,9513.995,9513.000,0.0002,0.0000
22.02.2016 08:07:32.196,9514.245,9512.995,0.0002,0.0002
22.02.2016 08:07:33.290,9513.620,9513.000,0.0002,0.0000
22.02.2016 08:07:33.341,9513.620,9512.370,0.0002,0.0002
22.02.2016 08:07:33.400,9513.245,9511.995,0.0002,0.0002
22.02.2016 08:07:33.887,9513.495,9512.245,0.0002,0.0002
22.02.2016 08:07:34.250,9513.638,9512.388,0.0002,0.0002
22.02.2016 08:07:34.301,9513.828,9513.000,0.0002,0.0000
22.02.2016 08:07:34.609,9513.995,9513.000,0.0002,0.0000
22.02.2016 08:07:35.929,9513.828,9513.000,0.0002,0.0000
22.02.2016 08:07:36.309,9513.841,9513.000,0.0002,0.0000
22.02.2016 08:07:36.370,9514.120,9513.000,0.0002,0.0000
22.02.2016 08:07:37.249,9513.828,9513.000,0.0002,0.0000
22.02.2016 08:07:37.561,9513.495,9512.245,0.0002,0.0002
22.02.2016 08:07:37.967,9513.852,9512.602,0.0002,0.0002
22.02.2016 08:07:38.290,9513.995,9513.000,0.0002,0.0000
22.02.2016 08:07:38.798,9513.828,9513.000,0.0002,0.0000
22.02.2016 08:07:39.009,9513.995,9513.000,0.0002,0.0000
22.02.2016 08:07:39.076,9513.995,9512.745,0.0002,0.0002
22.02.2016 08:07:40.019,9513.995,9512.745,0.0002,0.0002
22.02.2016 08:07:40.110,9514.066,9512.816,0.0002,0.0002
22.02.2016 08:07:40.220,9513.995,9512.745,0.0002,0.0002
22.02.2016 08:07:40.660,9513.745,9512.495,0.0002,0.0002
22.02.2016 08:07:40.975,9512.162,9512.000,0.0002,0.0000
22.02.2016 08:07:41.025,9512.162,9511.000,0.0002,0.0000
22.02.2016 08:07:41.396,9511.195,9511.000,0.0002,0.0000
22.02.2016 08:07:41.496,9511.195,9509.945,0.0002,0.0002
22.02.2016 08:07:41.627,9511.195,9510.000,0.0002,0.0000
22.02.2016 08:07:41.980,9510.995,9510.000,0.0002,0.0000
22.02.2016 08:07:42.478,9510.870,9510.000,0.0002,0.0000
22.02.2016 08:07:42.598,9510.870,9509.620,0.0002,0.0002
22.02.2016 08:07:42.648,9510.745,9509.495,0.0002,0.0002
22.02.2016 08:07:43.231,9511.195,9509.945,0.0003,0.0002
22.02.2016 08:07:43.434,9510.495,9509.245,0.0002,0.0002
22.02.2016 08:07:43.631,9510.095,9509.000,0.0002,0.0000
22.02.2016 08:07:43.888,9510.495,9509.245,0.0002,0.0002
22.02.2016 08:07:43.959,9510.395,9509.145,0.0002,0.0002
22.02.2016 08:07:44.069,9510.245,9508.995,0.0002,0.0002
22.02.2016 08:07:44.428,9510.095,9508.845,0.0003,0.0002
22.02.2016 08:07:44.533,9509.870,9508.620,0.0002,0.0002
22.02.2016 08:07:44.611,9509.870,9509.000,0.0002,0.0000
22.02.2016 08:07:44.759,9510.162,9509.000,0.0002,0.0000
22.02.2016 08:07:45.636,9510.209,9508.959,0.0003,0.0002
22.02.2016 08:07:45.836,9509.595,9508.345,0.0002,0.0002
22.02.2016 08:07:45.967,9509.995,9508.745,0.0002,0.0002
22.02.2016 08:07:46.160,9509.745,9508.495,0.0002,0.0002
22.02.2016 08:07:46.269,9509.828,9508.578,0.0002,0.0002
22.02.2016 08:07:46.380,9509.595,9508.345,0.0002,0.0002
22.02.2016 08:07:46.430,9509.595,9509.000,0.0002,0.0000
22.02.2016 08:07:46.744,9510.245,9508.995,0.0002,0.0002
22.02.2016 08:07:46.794,9510.828,9509.578,0.0002,0.0002
22.02.2016 08:07:46.844,9510.495,9509.245,0.0002,0.0002
22.02.2016 08:07:47.149,9510.995,9509.745,0.0002,0.0002
22.02.2016 08:07:47.233,9510.995,9510.000,0.0002,0.0000
22.02.2016 08:07:47.284,9511.245,9509.995,0.0002,0.0002
22.02.2016 08:07:47.479,9512.120,9510.870,0.0003,0.0002
22.02.2016 08:07:48.497,9512.195,9510.945,0.0003,0.0002
22.02.2016 08:07:48.548,9512.195,9510.945,0.0002,0.0002
22.02.2016 08:07:48.660,9512.195,9511.000,0.0002,0.0000
22.02.2016 08:07:49.140,9513.245,9511.995,0.0002,0.0002
22.02.2016 08:07:49.653,9513.245,9511.995,0.0002,0.0002
22.02.2016 08:07:49.789,9512.245,9510.995,0.0002,0.0002
22.02.2016 08:07:49.853,9512.245,9510.995,0.0002,0.0002
22.02.2016 08:07:50.199,9511.995,9511.000,0.0002,0.0000
22.02.2016 08:07:50.559,9512.245,9510.995,0.0002,0.0002
22.02.2016 08:07:50.889,9512.495,9511.245,0.0002,0.0002
22.02.2016 08:07:51.232,9512.745,9512.000,0.0002,0.0000
22.02.2016 08:07:51.511,9513.245,9511.995,0.0002,0.0002
22.02.2016 08:07:51.561,9513.495,9512.245,0.0002,0.0002
22.02.2016 08:07:51.880,9513.245,9511.995,0.0002,0.0002
22.02.2016 08:07:52.786,9513.245,9511.995,0.0003,0.0002
22.02.2016 08:07:52.837,9512.245,9510.995,0.0002,0.0002
22.02.2016 08:07:54.087,9512.162,9510.912,0.0003,0.0002
22.02.2016 08:07:54.230,9511.162,9510.000,0.0002,0.0000
22.02.2016 08:07:55.399,9510.795,9510.000,0.0002,0.0000
22.02.2016 08:07:55.743,9510.745,9510.000,0.0002,0.0000
22.02.2016 08:07:56.089,9511.781,9510.531,0.0002,0.0002
22.02.2016 08:07:56.499,9512.095,9510.845,0.0003,0.0002
22.02.2016 08:07:56.609,9511.395,9510.145,0.0002,0.0002
22.02.2016 08:07:56.762,9511.495,9510.245,0.0002,0.0002
22.02.2016 08:07:57.093,9511.995,9510.745,0.0002,0.0002
22.02.2016 08:07:57.143,9511.995,9510.745,0.0002,0.0002
22.02.2016 08:07:57.398,9512.495,9511.245,0.0002,0.0002
22.02.2016 08:07:57.709,9512.558,9511.308,0.0002,0.0002
22.02.2016 08:07:57.819,9512.120,9510.870,0.0002,0.0002
22.02.2016 08:07:57.911,9512.120,9510.870,0.0003,0.0002
22.02.2016 08:07:58.406,9511.595,9510.345,0.0002,0.0002
22.02.2016 08:07:58.480,9511.495,9510.245,0.0002,0.0002
22.02.2016 08:07:58.699,9510.795,9510.000,0.0002,0.0000
22.02.2016 08:07:58.749,9510.795,9509.545,0.0002,0.0002
22.02.2016 08:07:58.967,9510.662,9509.412,0.0002,0.0002
22.02.2016 08:07:59.800,9510.595,9509.345,0.0002,0.0002
22.02.2016 08:08:00.349,9510.745,9509.495,0.0002,0.0002
22.02.2016 08:08:00.550,9510.745,9510.000,0.0002,0.0000
22.02.2016 08:08:00.679,9510.995,9510.000,0.0002,0.0000
22.02.2016 08:08:00.813,9511.895,9511.000,0.0002,0.0000
22.02.2016 08:08:01.171,9511.895,9510.645,0.0002,0.0002
22.02.2016 08:08:01.372,9511.895,9511.000,0.0002,0.0000
22.02.2016 08:08:01.450,9512.745,9511.495,0.0002,0.0002
22.02.2016 08:08:01.758,9512.662,9511.412,0.0002,0.0002
22.02.2016 08:08:01.811,9511.995,9511.000,0.0002,0.0000
22.02.2016 08:08:04.419,9511.828,9511.000,0.0002,0.0000
22.02.2016 08:08:04.629,9511.828,9509.000,0.0003,0.0002
22.02.2016 08:08:04.779,9510.495,9509.245,0.0002,0.0002
22.02.2016 08:08:05.299,9510.245,9508.995,0.0002,0.0002
22.02.2016 08:08:05.630,9509.995,9509.000,0.0002,0.0000
22.02.2016 08:08:05.978,9509.662,9508.412,0.0002,0.0002
22.02.2016 08:08:06.173,9509.662,9508.412,0.0002,0.0002
22.02.2016 08:08:06.223,9511.162,9510.000,0.0002,0.0000
22.02.2016 08:08:06.619,9511.328,9510.078,0.0002,0.0002
22.02.2016 08:08:07.033,9511.495,9510.245,0.0002,0.0002
22.02.2016 08:08:07.185,9511.245,9509.995,0.0002,0.0002
22.02.2016 08:08:07.236,9510.870,9510.000,0.0002,0.0000
22.02.2016 08:08:07.287,9511.245,9509.995,0.0002,0.0002
22.02.2016 08:08:07.829,9511.433,9510.183,0.0002,0.0002
22.02.2016 08:08:07.939,9511.245,9509.995,0.0002,0.0002
22.02.2016 08:08:08.381,9511.495,9510.245,0.0002,0.0002
22.02.2016 08:08:08.686,9511.495,9511.000,0.0002,0.0000
22.02.2016 08:08:08.737,9512.662,9511.412,0.0002,0.0002
22.02.2016 08:08:08.941,9513.120,9511.870,0.0003,0.0002
22.02.2016 08:08:09.561,9512.895,9511.645,0.0002,0.0002
22.02.2016 08:08:09.809,9512.745,9511.495,0.0002,0.0002
22.02.2016 08:08:10.469,9513.120,9511.870,0.0003,0.0002
22.02.2016 08:08:10.929,9513.120,9510.000,0.0003,0.0002
22.02.2016 08:08:11.019,9511.995,9510.745,0.0002,0.0002
22.02.2016 08:08:11.069,9511.995,9511.000,0.0002,0.0000
22.02.2016 08:08:11.349,9512.370,9511.120,0.0002,0.0002
22.02.2016 08:08:11.981,9512.495,9511.245,0.0002,0.0002
22.02.2016 08:08:12.339,9512.620,9511.370,0.0002,0.0002
22.02.2016 08:08:12.559,9512.162,9511.000,0.0002,0.0000
22.02.2016 08:08:12.999,9512.162,9510.912,0.0003,0.0002
22.02.2016 08:08:13.255,9511.745,9510.495,0.0002,0.0002
22.02.2016 08:08:13.329,9511.495,9510.245,0.0002,0.0002
22.02.2016 08:08:13.595,9511.995,9511.000,0.0002,0.0000
22.02.2016 08:08:13.659,9512.245,9510.995,0.0002,0.0002
22.02.2016 08:08:13.800,9512.933,9511.683,0.0002,0.0002
22.02.2016 08:08:14.168,9512.933,9512.000,0.0002,0.0000
22.02.2016 08:08:14.428,9512.828,9512.000,0.0002,0.0000
22.02.2016 08:08:15.762,9513.245,9511.995,0.0002,0.0002
22.02.2016 08:08:16.439,9512.995,9512.000,0.0002,0.0000
22.02.2016 08:08:17.729,9513.245,9511.995,0.0002,0.0002
22.02.2016 08:08:18.298,9513.245,9511.995,0.0003,0.0002
22.02.2016 08:08:18.403,9512.745,9511.495,0.0002,0.0002
22.02.2016 08:08:18.499,9511.595,9511.000,0.0002,0.0000
22.02.2016 08:08:18.609,9512.095,9511.000,0.0002,0.0000
22.02.2016 08:08:18.718,9511.995,9511.000,0.0002,0.0000
22.02.2016 08:08:19.598,9511.828,9511.000,0.0002,0.0000
22.02.2016 08:08:19.928,9511.895,9510.645,0.0002,0.0002
22.02.2016 08:08:20.406,9511.895,9511.000,0.0002,0.0000
22.02.2016 08:08:20.606,9511.828,9511.000,0.0002,0.0000
22.02.2016 08:08:20.919,9511.995,9511.000,0.0002,0.0000
22.02.2016 08:08:21.912,9511.995,9510.745,0.0002,0.0002
22.02.2016 08:08:22.038,9511.195,9510.000,0.0002,0.0000
22.02.2016 08:08:23.219,9511.162,9511.000,0.0002,0.0000
22.02.2016 08:08:23.499,9511.995,9511.000,0.0002,0.0000
22.02.2016 08:08:24.019,9511.662,9511.000,0.0002,0.0000
22.02.2016 08:08:24.471,9511.662,9510.412,0.0002,0.0002
22.02.2016 08:08:24.922,9511.745,9510.495,0.0002,0.0002
22.02.2016 08:08:24.973,9511.745,9511.000,0.0002,0.0000
22.02.2016 08:08:25.323,9511.995,9511.000,0.0002,0.0000
22.02.2016 08:08:25.374,9511.745,9510.495,0.0002,0.0002
22.02.2016 08:08:25.559,9511.662,9510.412,0.0002,0.0002
22.02.2016 08:08:25.668,9511.745,9510.495,0.0002,0.0002
22.02.2016 08:08:25.823,9511.595,9510.345,0.0002,0.0002
22.02.2016 08:08:25.933,9511.595,9509.000,0.0003,0.0002
22.02.2016 08:08:26.124,9510.328,9509.078,0.0002,0.0002
22.02.2016 08:08:26.575,9510.495,9509.245,0.0002,0.0002
22.02.2016 08:08:26.685,9511.245,9509.995,0.0002,0.0002
22.02.2016 08:08:27.446,9511.245,9511.000,0.0002,0.0000
22.02.2016 08:08:27.539,9511.745,9511.000,0.0002,0.0000
22.02.2016 08:08:28.243,9511.745,9510.495,0.0002,0.0002
22.02.2016 08:08:28.514,9511.745,9511.000,0.0002,0.0000
22.02.2016 08:08:28.565,9511.995,9511.000,0.0002,0.0000
22.02.2016 08:08:29.959,9512.695,9511.445,0.0002,0.0002
22.02.2016 08:08:30.267,9512.785,9511.445,0.0002,0.0002
22.02.2016 08:08:30.386,9517.000,9515.000,0.0002,0.0000
22.02.2016 08:08:30.581,9516.745,9515.495,0.0002,0.0002
22.02.2016 08:08:31.168,9516.493,9515.243,0.0002,0.0002
22.02.2016 08:08:32.281,9516.493,9516.000,0.0002,0.0000
22.02.2016 08:08:32.535,9516.793,9516.000,0.0002,0.0000
22.02.2016 08:08:32.884,9516.793,9515.543,0.0002,0.0002
22.02.2016 08:08:33.038,9516.393,9515.143,0.0002,0.0002
22.02.2016 08:08:33.369,9516.993,9515.743,0.0002,0.0002
22.02.2016 08:08:33.826,9516.493,9515.243,0.0002,0.0002
22.02.2016 08:08:34.150,9516.493,9515.243,0.0002,0.0002
22.02.2016 08:08:34.468,9515.993,9515.000,0.0002,0.0000
22.02.2016 08:08:35.910,9515.660,9515.000,0.0002,0.0000
22.02.2016 08:08:36.169,9515.993,9515.000,0.0002,0.0000
22.02.2016 08:08:36.307,9515.993,9514.684,0.0002,0.0002
22.02.2016 08:08:36.443,9515.993,9513.000,0.0003,0.0002
22.02.2016 08:08:36.559,9514.393,9513.143,0.0002,0.0002
22.02.2016 08:08:36.669,9514.243,9512.993,0.0002,0.0002
22.02.2016 08:08:36.888,9513.993,9513.000,0.0002,0.0000
22.02.2016 08:08:37.248,9514.993,9514.000,0.0002,0.0000
22.02.2016 08:08:37.548,9513.493,9512.243,0.0002,0.0002
22.02.2016 08:08:37.617,9513.493,9512.243,0.0002,0.0002
22.02.2016 08:08:38.019,9513.593,9513.000,0.0002,0.0000
22.02.2016 08:08:38.098,9513.993,9513.000,0.0002,0.0000
22.02.2016 08:08:38.451,9514.326,9513.076,0.0002,0.0002
22.02.2016 08:08:38.652,9516.000,9515.000,0.0002,0.0000
22.02.2016 08:08:38.879,9515.993,9515.000,0.0002,0.0000
22.02.2016 08:08:39.089,9515.243,9513.993,0.0002,0.0002
22.02.2016 08:08:39.654,9514.793,9513.543,0.0002,0.0002
22.02.2016 08:08:39.748,9514.493,9513.243,0.0002,0.0002
22.02.2016 08:08:40.848,9514.243,9512.993,0.0002,0.0002
22.02.2016 08:08:40.958,9513.993,9513.000,0.0002,0.0000
22.02.2016 08:08:41.960,9513.993,9512.684,0.0002,0.0002
22.02.2016 08:08:42.059,9512.826,9511.576,0.0002,0.0002
22.02.2016 08:08:42.109,9512.826,9512.000,0.0002,0.0000
22.02.2016 08:08:42.168,9512.993,9512.000,0.0002,0.0000
22.02.2016 08:08:42.859,9512.922,9512.000,0.0002,0.0000
22.02.2016 08:08:43.267,9514.000,9513.000,0.0002,0.0000
22.02.2016 08:08:43.317,9513.660,9513.000,0.0002,0.0000
22.02.2016 08:08:44.034,9513.660,9512.410,0.0002,0.0002
22.02.2016 08:08:44.148,9513.243,9511.993,0.0002,0.0002
22.02.2016 08:08:44.632,9513.493,9512.243,0.0002,0.0002
22.02.2016 08:08:44.682,9513.493,9512.243,0.0002,0.0002
22.02.2016 08:08:44.877,9515.000,9514.000,0.0002,0.0000
22.02.2016 08:08:45.284,9514.743,9513.493,0.0002,0.0002
22.02.2016 08:08:45.516,9514.636,9512.000,0.0003,0.0002
22.02.2016 08:08:45.579,9512.993,9512.000,0.0002,0.0000
22.02.2016 08:08:45.926,9512.724,9511.474,0.0002,0.0002
22.02.2016 08:08:46.240,9512.724,9510.000,0.0003,0.0002
22.02.2016 08:08:46.294,9511.893,9510.643,0.0002,0.0002
22.02.2016 08:08:46.349,9511.593,9510.343,0.0002,0.0002
22.02.2016 08:08:46.594,9511.593,9509.000,0.0003,0.0002
22.02.2016 08:08:46.788,9510.593,9509.343,0.0002,0.0002
22.02.2016 08:08:47.008,9510.326,9509.076,0.0002,0.0002
22.02.2016 08:08:47.118,9510.093,9509.000,0.0002,0.0000
22.02.2016 08:08:47.373,9510.326,9509.076,0.0002,0.0002
22.02.2016 08:08:47.778,9509.707,9509.000,0.0002,0.0000
22.02.2016 08:08:48.100,9509.693,9508.443,0.0002,0.0002
22.02.2016 08:08:48.577,9509.893,9509.000,0.0002,0.0000
22.02.2016 08:08:48.802,9509.693,9509.000,0.0002,0.0000
22.02.2016 08:08:49.128,9509.660,9508.410,0.0002,0.0002
22.02.2016 08:08:49.436,9509.743,9508.493,0.0002,0.0002
22.02.2016 08:08:49.512,9509.743,9509.000,0.0002,0.0000
22.02.2016 08:08:49.637,9509.793,9509.000,0.0002,0.0000
22.02.2016 08:08:49.792,9509.826,9509.000,0.0002,0.0000
22.02.2016 08:08:49.868,9509.922,9509.000,0.0002,0.0000
22.02.2016 08:08:50.528,9509.826,9509.000,0.0002,0.0000
22.02.2016 08:08:51.091,9509.922,9509.000,0.0002,0.0000
22.02.2016 08:08:51.408,9509.826,9509.000,0.0002,0.0000
22.02.2016 08:08:51.636,9509.993,9509.000,0.0002,0.0000
22.02.2016 08:08:52.508,9509.779,9509.000,0.0002,0.0000
22.02.2016 08:08:52.655,9510.493,9508.000,0.0003,0.0002
22.02.2016 08:08:52.728,9510.118,9508.868,0.0003,0.0002
22.02.2016 08:08:52.820,9510.118,9509.000,0.0002,0.0000
22.02.2016 08:08:52.948,9509.993,9509.000,0.0002,0.0000
22.02.2016 08:08:53.057,9509.993,9507.000,0.0003,0.0002
22.02.2016 08:08:53.241,9508.850,9507.600,0.0002,0.0002
22.02.2016 08:08:53.752,9508.931,9507.681,0.0002,0.0002
22.02.2016 08:08:54.059,9508.931,9507.681,0.0002,0.0002
22.02.2016 08:08:54.158,9509.493,9508.243,0.0002,0.0002
22.02.2016 08:08:54.628,9509.493,9507.000,0.0003,0.0002
22.02.2016 08:08:54.708,9509.243,9507.993,0.0003,0.0002
22.02.2016 08:08:54.818,9509.064,9507.814,0.0003,0.0002
22.02.2016 08:08:54.949,9508.931,9507.681,0.0002,0.0002
22.02.2016 08:08:55.363,9508.931,9507.681,0.0002,0.0002
22.02.2016 08:08:55.414,9509.660,9508.410,0.0002,0.0002
22.02.2016 08:08:55.615,9509.868,9509.000,0.0002,0.0000
22.02.2016 08:08:55.698,9510.326,9509.076,0.0002,0.0002
22.02.2016 08:08:55.918,9509.306,9508.056,0.0002,0.0002
22.02.2016 08:08:56.055,9510.243,9508.993,0.0002,0.0002
22.02.2016 08:08:56.427,9510.243,9508.993,0.0003,0.0002
22.02.2016 08:08:56.688,9509.743,9508.493,0.0002,0.0002
22.02.2016 08:08:56.968,9509.743,9508.493,0.0002,0.0002
22.02.2016 08:08:57.019,9509.993,9508.743,0.0002,0.0002
22.02.2016 08:08:57.361,9511.743,9510.493,0.0002,0.0002
22.02.2016 08:08:58.448,9511.993,9510.743,0.0002,0.0002
22.02.2016 08:08:59.013,9511.593,9510.343,0.0002,0.0002
22.02.2016 08:08:59.548,9511.493,9510.243,0.0002,0.0002
22.02.2016 08:08:59.658,9511.422,9510.172,0.0002,0.0002
22.02.2016 08:08:59.909,9512.064,9511.964,0.0002,0.0000
22.02.2016 08:09:00.015,9512.893,9512.000,0.0002,0.0000
22.02.2016 08:09:00.215,9513.793,9512.543,0.0002,0.0002
22.02.2016 08:09:00.266,9513.793,9513.000,0.0002,0.0000
22.02.2016 08:09:00.318,9514.243,9512.993,0.0002,0.0002
22.02.2016 08:09:00.570,9514.660,9513.410,0.0002,0.0002
22.02.2016 08:09:00.680,9514.660,9514.000,0.0002,0.0000
22.02.2016 08:09:00.914,9515.100,9514.984,0.0002,0.0000
22.02.2016 08:09:01.017,9515.893,9515.000,0.0002,0.0000
22.02.2016 08:09:01.227,9515.993,9515.000,0.0002,0.0000
22.02.2016 08:09:01.418,9516.160,9515.000,0.0002,0.0000
22.02.2016 08:09:01.948,9516.493,9515.243,0.0002,0.0002
22.02.2016 08:09:02.518,9516.422,9515.172,0.0002,0.0002
22.02.2016 08:09:02.958,9516.160,9515.000,0.0002,0.0000
22.02.2016 08:09:04.388,9516.394,9515.144,0.0002,0.0002
22.02.2016 08:09:05.143,9517.161,9515.911,0.0003,0.0002
22.02.2016 08:09:05.195,9517.161,9514.000,0.0003,0.0002
22.02.2016 08:09:05.268,9515.744,9514.494,0.0002,0.0002
22.02.2016 08:09:05.626,9515.327,9514.077,0.0002,0.0002
22.02.2016 08:09:05.707,9514.744,9514.000,0.0002,0.0000
22.02.2016 08:09:06.144,9514.694,9514.000,0.0002,0.0000
22.02.2016 08:09:06.259,9514.780,9514.000,0.0002,0.0000
22.02.2016 08:09:06.394,9514.244,9514.000,0.0002,0.0000
22.02.2016 08:09:06.444,9514.244,9512.994,0.0002,0.0002
22.02.2016 08:09:06.506,9514.244,9512.994,0.0002,0.0002
22.02.2016 08:09:06.628,9514.744,9514.000,0.0002,0.0000
22.02.2016 08:09:06.698,9514.827,9514.000,0.0002,0.0000
22.02.2016 08:09:06.829,9514.827,9513.577,0.0002,0.0002
22.02.2016 08:09:06.919,9514.351,9513.101,0.0002,0.0002
22.02.2016 08:09:07.122,9514.351,9514.000,0.0002,0.0000
22.02.2016 08:09:07.175,9515.744,9514.494,0.0002,0.0002
22.02.2016 08:09:07.501,9515.494,9514.244,0.0002,0.0002
22.02.2016 08:09:08.348,9514.994,9514.000,0.0002,0.0000
22.02.2016 08:09:09.825,9514.994,9513.744,0.0002,0.0002
22.02.2016 08:09:09.997,9514.744,9513.494,0.0002,0.0002
22.02.2016 08:09:10.658,9514.369,9513.119,0.0002,0.0002
22.02.2016 08:09:10.988,9514.494,9513.244,0.0002,0.0002
22.02.2016 08:09:11.110,9514.369,9513.119,0.0002,0.0002
22.02.2016 08:09:11.438,9514.744,9514.000,0.0002,0.0000
22.02.2016 08:09:11.758,9514.994,9514.000,0.0002,0.0000
22.02.2016 08:09:11.939,9514.994,9513.744,0.0002,0.0002
22.02.2016 08:09:11.990,9514.744,9513.494,0.0002,0.0002
22.02.2016 08:09:12.374,9514.594,9513.344,0.0002,0.0002
22.02.2016 08:09:12.748,9514.494,9513.244,0.0002,0.0002
22.02.2016 08:09:13.316,9514.244,9512.994,0.0002,0.0002
