time,ask,bid
1474009199999,10408.650000,10405.350000
1474009200000,10408.650000,10405.350000
1474009201000,10406.650000,10402.850000
1474009202000,10405.150000,10401.850000
1474009203000,10403.650000,10401.350000
1474009204000,10402.950000,10402.050000
1474009205000,10406.450000,10405.550000
1474009206000,10406.750000,10405.850000
1474009207000,10407.950000,10407.050000
1474009208000,10405.450000,10404.550000
1474009209000,10405.450000,10404.550000
1474009210000,10407.150000,10402.850000
1474009211000,10402.750000,10401.850000
1474009212000,10401.450000,10400.550000
1474009213000,10405.250000,10404.350000
1474009214000,10404.450000,10403.550000
1474009215000,10404.250000,10403.350000
1474009216000,10403.950000,10403.050000
1474009217000,10401.950000,10401.050000
1474009218000,10399.450000,10398.550000
1474009220000,10401.250000,10400.350000
1474009221000,10402.250000,10401.350000
1474009223000,10402.450000,10401.550000
1474009224000,10402.950000,10402.050000
1474009225000,10401.250000,10400.350000
1474009226000,10401.750000,10400.850000
1474009227000,10402.450000,10401.550000
1474009228000,10402.950000,10402.050000
1474009229000,10402.750000,10401.850000
1474009230000,10406.950000,10406.050000
1474009232000,10406.650000,10403.850000
1474009233000,10406.750000,10405.850000
1474009234000,10405.450000,10404.550000
1474009235000,10407.150000,10404.350000
1474009236000,10408.650000,10406.350000
1474009237000,10407.450000,10406.550000
1474009238000,10406.750000,10405.850000
1474009239000,10407.250000,10406.350000
1474009241000,10407.250000,10406.350000
1474009242000,10406.750000,10405.850000
1474009243000,10407.950000,10407.050000
1474009244000,10406.750000,10405.850000
1474009246000,10406.250000,10405.350000
1474009247000,10405.950000,10405.050000
1474009248000,10405.450000,10404.550000
1474009249000,10404.450000,10403.550000
1474009250000,10400.950000,10400.050000
1474009251000,10400.750000,10399.850000
1474009252000,10405.950000,10405.050000
1474009253000,10406.450000,10405.550000
1474009254000,10407.450000,10406.550000
1474009256000,10408.450000,10407.550000
1474009257000,10408.250000,10407.350000
1474009258000,10407.950000,10407.050000
1474009259000,10407.950000,10407.050000
1474009260000,10406.950000,10406.050000
1474009261000,10407.250000,10406.350000
1474009262000,10407.450000,10406.550000
1474009263000,10409.750000,10408.850000
1474009264000,10409.450000,10408.550000
1474009265000,10409.750000,10408.850000
1474009266000,10409.950000,10409.050000
1474009268000,10410.650000,10406.350000
1474009269000,10407.950000,10407.050000
1474009270000,10409.950000,10409.050000
1474009271000,10409.750000,10408.850000
1474009274000,10409.250000,10408.350000
1474009276000,10409.750000,10408.850000
1474009277000,10410.250000,10409.350000
1474009279000,10410.950000,10410.050000
1474009280000,10408.450000,10407.550000
1474009281000,10408.250000,10407.350000
1474009282000,10408.450000,10407.550000
1474009284000,10410.150000,10407.350000
1474009285000,10409.750000,10408.850000
1474009286000,10409.450000,10408.550000
1474009287000,10409.250000,10408.350000
1474009288000,10408.950000,10408.050000
1474009290000,10409.450000,10408.550000
1474009291000,10409.950000,10409.050000
1474009292000,10409.950000,10409.050000
1474009293000,10409.250000,10408.350000
1474009294000,10409.750000,10408.850000
1474009296000,10409.250000,10408.350000
1474009297000,10408.250000,10407.350000
1474009298000,10407.450000,10406.550000
1474009300000,10406.950000,10406.050000
1474009301000,10406.750000,10405.850000
1474009302000,10408.250000,10407.350000
1474009303000,10407.450000,10406.550000
1474009304000,10407.250000,10406.350000
1474009305000,10406.950000,10406.050000
1474009306000,10406.450000,10405.550000
1474009307000,10406.450000,10405.550000
1474009308000,10407.750000,10406.850000
1474009309000,10407.450000,10406.550000
1474009310000,10408.250000,10407.350000
1474009311000,10409.250000,10408.350000
1474009312000,10408.750000,10407.850000
1474009313000,10408.450000,10407.550000
1474009316000,10407.150000,10404.350000
1474009317000,10404.750000,10403.850000
1474009318000,10402.950000,10402.050000
1474009319000,10403.450000,10402.550000
1474009320000,10403.950000,10403.050000
1474009321000,10401.450000,10400.550000
1474009322000,10399.950000,10399.050000
1474009324000,10403.150000,10400.850000
1474009325000,10403.250000,10402.350000
1474009326000,10402.450000,10401.550000
1474009327000,10399.950000,10399.050000
1474009328000,10399.450000,10398.550000
1474009329000,10399.250000,10398.350000
1474009330000,10400.750000,10399.850000
1474009331000,10401.450000,10400.550000
1474009337000,10400.450000,10399.550000
1474009338000,10400.250000,10399.350000
1474009339000,10400.250000,10399.350000
1474009340000,10401.150000,10398.350000
1474009341000,10400.250000,10399.350000
1474009343000,10399.450000,10398.550000
1474009346000,10399.750000,10398.850000
1474009347000,10399.450000,10398.550000
1474009348000,10401.250000,10400.350000
1474009350000,10400.250000,10399.350000
1474009351000,10398.950000,10398.050000
1474009353000,10398.750000,10397.850000
1474009354000,10399.650000,10397.350000
1474009355000,10399.250000,10398.350000
1474009356000,10401.450000,10400.550000
1474009357000,10401.950000,10401.050000
1474009358000,10401.450000,10400.550000
1474009359000,10401.750000,10400.850000
1474009360000,10401.250000,10400.350000
1474009361000,10400.950000,10400.050000
1474009362000,10401.250000,10400.350000
1474009363000,10403.450000,10402.550000
1474009364000,10403.450000,10402.550000
1474009365000,10407.150000,10402.350000
1474009366000,10405.950000,10405.050000
1474009367000,10406.950000,10406.050000
1474009368000,10406.450000,10405.550000
1474009369000,10405.750000,10404.850000
1474009370000,10405.450000,10404.550000
1474009372000,10405.450000,10404.550000
1474009373000,10405.250000,10404.350000
1474009375000,10406.250000,10405.350000
1474009377000,10405.450000,10404.550000
1474009378000,10405.450000,10404.550000
1474009379000,10403.650000,10401.350000
1474009380000,10403.950000,10403.050000
1474009381000,10404.450000,10403.550000
1474009382000,10403.950000,10403.050000
1474009384000,10402.950000,10402.050000
1474009385000,10407.150000,10404.850000
1474009386000,10405.950000,10405.050000
1474009387000,10407.150000,10404.350000
1474009388000,10406.250000,10405.350000
1474009389000,10406.750000,10405.850000
1474009392000,10406.950000,10406.050000
1474009395000,10406.450000,10405.550000
1474009397000,10407.950000,10407.050000
1474009401000,10406.750000,10405.850000
1474009402000,10406.750000,10405.850000
1474009405000,10405.750000,10404.850000
1474009406000,10406.450000,10405.550000
1474009407000,10406.750000,10405.850000
1474009408000,10407.450000,10406.550000
1474009409000,10404.950000,10404.050000
1474009411000,10404.950000,10404.050000
1474009412000,10406.250000,10405.350000
1474009416000,10406.750000,10405.850000
1474009417000,10406.950000,10406.050000
1474009418000,10406.450000,10405.550000
1474009423000,10406.950000,10406.050000
1474009425000,10406.450000,10405.550000
1474009427000,10406.950000,10406.050000
1474009428000,10404.750000,10403.850000
1474009429000,10404.750000,10403.850000
1474009433000,10404.450000,10403.550000
1474009435000,10402.750000,10401.850000
1474009436000,10402.950000,10402.050000
1474009440000,10403.450000,10402.550000
1474009441000,10405.950000,10405.050000
1474009445000,10405.750000,10404.850000
1474009446000,10406.450000,10405.550000
1474009447000,10406.650000,10404.350000
1474009448000,10403.650000,10400.850000
1474009450000,10402.750000,10401.850000
1474009451000,10403.250000,10402.350000
1474009454000,10403.250000,10402.350000
1474009455000,10403.750000,10402.850000
1474009457000,10404.950000,10404.050000
1474009458000,10404.950000,10404.050000
1474009460000,10405.250000,10404.350000
1474009462000,10404.950000,10404.050000
1474009463000,10405.450000,10404.550000
1474009468000,10405.450000,10404.550000
1474009470000,10403.450000,10402.550000
1474009471000,10403.750000,10402.850000
1474009472000,10401.950000,10401.050000
1474009473000,10404.150000,10401.850000
1474009474000,10403.250000,10402.350000
1474009476000,10403.750000,10402.850000
1474009478000,10403.450000,10402.550000
1474009479000,10403.250000,10402.350000
1474009481000,10403.450000,10402.550000
1474009483000,10402.950000,10402.050000
1474009484000,10403.750000,10402.850000
1474009485000,10403.450000,10402.550000
1474009486000,10403.250000,10402.350000
1474009487000,10402.950000,10402.050000
1474009488000,10402.450000,10401.550000
1474009490000,10400.750000,10399.850000
1474009491000,10400.450000,10399.550000
1474009492000,10400.250000,10399.350000
1474009494000,10400.250000,10399.350000
1474009495000,10399.950000,10399.050000
1474009496000,10399.250000,10398.350000
1474009498000,10399.950000,10399.050000
1474009499000,10400.450000,10399.550000
1474009500000,10398.950000,10398.050000
1474009501000,10398.750000,10397.850000
1474009502000,10398.950000,10398.050000
1474009504000,10396.150000,10393.850000
1474009505000,10396.650000,10394.350000
1474009506000,10395.450000,10394.550000
1474009507000,10395.250000,10394.350000
1474009508000,10394.750000,10393.850000
1474009509000,10394.250000,10393.350000
1474009510000,10394.450000,10393.550000
1474009513000,10396.450000,10395.550000
1474009514000,10395.750000,10394.850000
1474009517000,10395.250000,10394.350000
1474009518000,10394.950000,10394.050000
1474009519000,10394.950000,10394.050000
1474009520000,10395.250000,10394.350000
1474009521000,10394.950000,10394.050000
1474009522000,10396.250000,10395.350000
1474009523000,10396.750000,10395.850000
1474009524000,10396.150000,10393.350000
1474009525000,10394.250000,10393.350000
1474009527000,10395.750000,10394.850000
1474009528000,10395.450000,10394.550000
1474009529000,10395.250000,10394.350000
1474009530000,10394.950000,10394.050000
1474009531000,10395.250000,10394.350000
1474009533000,10395.450000,10394.550000
1474009534000,10394.950000,10394.050000
1474009535000,10395.450000,10394.550000
1474009536000,10395.750000,10394.850000
1474009537000,10395.950000,10395.050000
1474009538000,10396.250000,10395.350000
1474009539000,10396.450000,10395.550000
1474009540000,10394.750000,10393.850000
1474009541000,10394.950000,10394.050000
1474009544000,10394.450000,10393.550000
1474009545000,10394.950000,10394.050000
1474009546000,10394.250000,10393.350000
1474009548000,10394.450000,10393.550000
1474009549000,10391.450000,10390.550000
1474009550000,10392.450000,10391.550000
1474009551000,10392.250000,10391.350000
1474009552000,10391.450000,10390.550000
1474009553000,10390.650000,10387.850000
1474009554000,10391.450000,10390.550000
1474009555000,10391.450000,10390.550000
1474009556000,10391.450000,10390.550000
1474009557000,10390.750000,10389.850000
1474009558000,10390.450000,10389.550000
1474009559000,10389.250000,10388.350000
1474009560000,10390.450000,10389.550000
1474009561000,10390.250000,10389.350000
1474009562000,10391.150000,10389.950000
1474009563000,10390.650000,10387.850000
1474009566000,10389.250000,10388.350000
1474009567000,10388.950000,10388.050000
1474009568000,10388.950000,10388.050000
1474009569000,10388.450000,10387.550000
1474009570000,10388.750000,10387.850000
1474009571000,10389.750000,10388.850000
1474009572000,10389.750000,10388.850000
1474009573000,10389.450000,10388.550000
1474009574000,10390.250000,10389.350000
1474009575000,10390.950000,10390.050000
1474009577000,10394.150000,10389.850000
1474009579000,10392.750000,10391.850000
1474009580000,10393.150000,10390.350000
1474009581000,10390.950000,10390.050000
1474009582000,10391.750000,10390.850000
1474009583000,10391.450000,10390.550000
1474009584000,10392.450000,10391.550000
1474009585000,10392.250000,10391.350000
1474009586000,10393.250000,10392.350000
1474009587000,10393.750000,10392.850000
1474009588000,10396.750000,10395.850000
1474009589000,10397.650000,10395.350000
1474009590000,10398.450000,10397.550000
1474009591000,10397.950000,10397.050000
1474009592000,10397.450000,10396.550000
1474009594000,10397.750000,10396.850000
1474009595000,10398.250000,10397.350000
1474009597000,10396.250000,10395.350000
1474009598000,10397.950000,10397.050000
1474009600000,10398.450000,10397.550000
1474009601000,10398.950000,10398.050000
1474009603000,10398.750000,10397.850000
1474009604000,10398.450000,10397.550000
1474009605000,10398.250000,10397.350000
1474009606000,10397.950000,10397.050000
1474009607000,10400.950000,10400.050000
1474009608000,10400.450000,10399.550000
1474009609000,10400.450000,10399.550000
1474009611000,10402.450000,10401.550000
1474009612000,10401.750000,10400.850000
1474009614000,10401.950000,10401.050000
1474009615000,10400.450000,10399.550000
1474009616000,10400.650000,10397.850000
1474009618000,10399.750000,10398.850000
1474009619000,10399.450000,10398.550000
1474009620000,10398.250000,10397.350000
1474009622000,10400.250000,10399.350000
1474009624000,10401.950000,10401.050000
1474009625000,10403.450000,10402.550000
1474009626000,10403.750000,10402.850000
1474009627000,10403.750000,10402.850000
1474009628000,10403.250000,10402.350000
1474009629000,10402.250000,10401.350000
1474009630000,10401.750000,10400.850000
1474009631000,10401.450000,10400.550000
1474009632000,10401.450000,10400.550000
1474009633000,10399.450000,10398.550000
1474009634000,10402.150000,10398.850000
1474009635000,10398.950000,10398.050000
1474009636000,10398.750000,10397.850000
1474009638000,10398.450000,10397.550000
1474009639000,10398.750000,10397.850000
1474009640000,10399.750000,10398.850000
1474009641000,10399.750000,10398.850000
1474009642000,10400.950000,10400.050000
1474009644000,10401.750000,10400.850000
1474009645000,10400.950000,10400.050000
1474009648000,10401.450000,10400.550000
1474009649000,10400.950000,10400.050000
1474009650000,10399.750000,10398.850000
1474009653000,10399.950000,10399.050000
1474009654000,10398.750000,10397.850000
1474009656000,10397.950000,10397.050000
1474009657000,10397.450000,10396.550000
1474009658000,10397.450000,10396.550000
1474009661000,10396.950000,10396.050000
1474009665000,10397.250000,10396.350000
1474009666000,10399.150000,10396.850000
1474009667000,10398.450000,10397.550000
1474009668000,10398.250000,10397.350000
1474009670000,10397.450000,10396.550000
1474009671000,10398.250000,10397.350000
1474009672000,10400.450000,10399.550000
1474009673000,10400.750000,10399.850000
1474009674000,10400.950000,10400.050000
1474009675000,10401.450000,10400.550000
1474009677000,10401.950000,10401.050000
1474009678000,10400.750000,10399.850000
1474009679000,10399.950000,10399.050000
1474009681000,10402.650000,10400.350000
1474009682000,10400.250000,10399.350000
1474009683000,10400.450000,10399.550000
1474009685000,10400.950000,10400.050000
1474009686000,10404.150000,10401.850000
1474009687000,10403.950000,10403.050000
1474009688000,10403.250000,10402.350000
1474009689000,10403.750000,10402.850000
1474009690000,10403.950000,10403.050000
1474009691000,10404.450000,10403.550000
1474009692000,10402.750000,10401.850000
1474009693000,10401.450000,10400.550000
1474009694000,10401.450000,10400.550000
1474009695000,10401.950000,10401.050000
1474009696000,10400.950000,10400.050000
1474009697000,10396.750000,10395.850000
1474009698000,10394.950000,10394.050000
1474009699000,10396.750000,10395.850000
1474009700000,10397.250000,10396.350000
1474009701000,10396.450000,10395.550000
1474009702000,10395.750000,10394.850000
1474009703000,10395.450000,10394.550000
1474009704000,10398.150000,10395.850000
1474009705000,10397.450000,10396.550000
1474009706000,10396.950000,10396.050000
1474009707000,10395.950000,10395.050000
1474009708000,10395.950000,10395.050000
1474009709000,10395.750000,10394.850000
1474009710000,10398.150000,10395.350000
1474009711000,10397.250000,10396.350000
1474009712000,10397.450000,10396.550000
1474009713000,10397.450000,10396.550000
1474009714000,10397.450000,10396.550000
1474009715000,10397.950000,10397.050000
1474009719000,10398.250000,10397.350000
1474009720000,10398.450000,10397.550000
1474009721000,10397.950000,10397.050000
1474009723000,10401.650000,10399.350000
1474009724000,10400.750000,10399.850000
1474009725000,10403.650000,10398.350000
1474009726000,10402.150000,10398.350000
1474009728000,10402.650000,10400.350000
1474009729000,10402.150000,10397.850000
1474009730000,10398.450000,10397.550000
1474009732000,10397.950000,10397.050000
1474009733000,10398.450000,10397.550000
1474009734000,10398.450000,10397.550000
1474009735000,10398.250000,10397.350000
1474009738000,10399.450000,10398.550000
1474009740000,10399.750000,10398.850000
1474009741000,10398.750000,10397.850000
1474009743000,10399.250000,10398.350000
1474009746000,10397.250000,10396.350000
1474009748000,10398.450000,10397.550000
1474009749000,10397.450000,10396.550000
1474009750000,10396.450000,10395.550000
1474009751000,10396.250000,10395.350000
1474009753000,10395.950000,10395.050000
1474009755000,10395.250000,10394.350000
1474009756000,10397.650000,10395.350000
1474009757000,10397.450000,10396.550000
1474009759000,10396.750000,10395.850000
1474009760000,10396.950000,10396.050000
1474009761000,10396.250000,10395.350000
1474009762000,10395.950000,10395.050000
1474009763000,10396.750000,10395.850000
1474009766000,10396.950000,10396.050000
1474009767000,10396.450000,10395.550000
1474009771000,10396.750000,10395.850000
1474009772000,10395.950000,10395.050000
1474009773000,10395.750000,10394.850000
1474009774000,10395.950000,10395.050000
1474009776000,10395.750000,10394.850000
1474009779000,10395.250000,10394.350000
1474009780000,10395.450000,10394.550000
1474009781000,10395.450000,10394.550000
1474009782000,10394.950000,10394.050000
1474009783000,10395.650000,10392.850000
1474009784000,10394.950000,10394.050000
1474009785000,10395.250000,10394.350000
1474009786000,10397.250000,10396.350000
1474009787000,10398.250000,10397.350000
1474009788000,10396.950000,10396.050000
1474009789000,10397.450000,10396.550000
1474009790000,10396.450000,10395.550000
1474009791000,10399.250000,10398.350000
1474009793000,10400.650000,10398.350000
1474009794000,10399.750000,10398.850000
1474009795000,10397.450000,10396.550000
1474009798000,10399.650000,10397.350000
1474009799000,10398.950000,10398.050000
1474009800000,10400.250000,10399.350000
1474009801000,10399.950000,10399.050000
1474009802000,10401.450000,10400.550000
1474009803000,10402.250000,10401.350000
1474009805000,10402.250000,10401.350000
1474009806000,10401.950000,10401.050000
1474009807000,10401.950000,10401.050000
1474009808000,10401.750000,10400.850000
1474009809000,10401.250000,10400.350000
1474009810000,10401.250000,10400.350000
1474009811000,10402.250000,10401.350000
1474009812000,10402.250000,10401.350000
1474009813000,10401.450000,10400.550000
1474009814000,10401.650000,10398.350000
1474009817000,10400.750000,10399.850000
1474009818000,10401.450000,10400.550000
1474009819000,10400.750000,10399.850000
1474009820000,10401.750000,10400.850000
1474009821000,10401.250000,10400.350000
1474009822000,10401.450000,10400.550000
1474009823000,10401.250000,10400.350000
1474009825000,10401.250000,10400.350000
1474009829000,10400.950000,10400.050000
1474009830000,10402.250000,10401.350000
1474009831000,10400.950000,10400.050000
1474009833000,10399.950000,10399.050000
1474009834000,10398.950000,10398.050000
1474009836000,10399.450000,10398.550000
1474009837000,10399.250000,10398.350000
1474009838000,10400.250000,10399.350000
1474009839000,10400.250000,10399.350000
1474009840000,10401.950000,10401.050000
1474009841000,10402.750000,10401.850000
1474009842000,10403.750000,10402.850000
1474009844000,10403.750000,10402.850000
1474009845000,10403.250000,10402.350000
1474009846000,10403.450000,10402.550000
1474009848000,10404.950000,10404.050000
1474009850000,10405.650000,10403.850000
1474009851000,10405.450000,10404.550000
1474009852000,10405.250000,10404.350000
1474009855000,10403.750000,10402.850000
1474009857000,10404.250000,10403.350000
1474009858000,10403.450000,10402.550000
1474009861000,10402.750000,10401.850000
1474009862000,10402.250000,10401.350000
1474009863000,10401.950000,10401.050000
1474009864000,10401.250000,10400.350000
1474009865000,10401.750000,10400.850000
1474009867000,10402.250000,10401.350000
1474009868000,10402.250000,10401.350000
1474009869000,10401.250000,10400.350000
1474009870000,10400.750000,10399.850000
1474009871000,10400.750000,10399.850000
1474009874000,10400.450000,10399.550000
1474009875000,10400.950000,10400.050000
1474009876000,10401.450000,10400.550000
1474009877000,10401.250000,10400.350000
1474009879000,10400.950000,10400.050000
1474009882000,10401.250000,10400.350000
1474009883000,10401.250000,10400.350000
1474009884000,10402.750000,10401.850000
1474009885000,10403.950000,10403.050000
1474009888000,10403.250000,10402.350000
1474009889000,10403.250000,10402.350000
1474009890000,10403.950000,10403.050000
1474009894000,10403.650000,10401.350000
1474009895000,10403.650000,10401.450000
1474009896000,10401.650000,10399.950000
1474009898000,10403.150000,10400.850000
1474009899000,10402.250000,10401.350000
1474009900000,10401.950000,10401.050000
1474009901000,10402.750000,10401.850000
1474009902000,10402.950000,10402.050000
1474009903000,10402.250000,10401.350000
1474009904000,10400.450000,10399.550000
1474009905000,10398.750000,10397.850000
1474009906000,10399.950000,10397.850000
1474009908000,10400.750000,10398.850000
1474009909000,10400.450000,10398.350000
1474009912000,10399.450000,10397.350000
1474009913000,10398.950000,10397.350000
1474009914000,10402.150000,10400.350000
1474009915000,10401.750000,10400.350000
1474009916000,10401.950000,10400.700000
1474009917000,10402.950000,10401.050000
1474009918000,10401.750000,10400.400000
1474009919000,10402.450000,10400.950000
1474009921000,10402.450000,10401.000000
1474009922000,10402.950000,10401.350000
1474009923000,10402.950000,10400.850000
1474009924000,10402.950000,10402.050000
1474009925000,10404.950000,10403.450000
1474009926000,10405.450000,10404.150000
1474009927000,10404.850000,10403.850000
1474009929000,10405.450000,10403.850000
1474009931000,10404.750000,10403.850000
1474009932000,10403.800000,10402.850000
1474009933000,10404.250000,10402.200000
1474009934000,10403.750000,10401.850000
1474009935000,10406.300000,10405.350000
1474009936000,10407.250000,10405.850000
1474009937000,10407.650000,10404.950000
1474009938000,10405.350000,10404.350000
1474009939000,10405.250000,10403.950000
1474009940000,10406.650000,10404.300000
1474009941000,10404.900000,10403.850000
1474009942000,10404.650000,10403.750000
1474009943000,10406.150000,10404.200000
1474009944000,10407.150000,10405.000000
1474009945000,10404.750000,10403.400000
1474009946000,10404.750000,10403.500000
1474009947000,10406.450000,10404.950000
1474009948000,10406.750000,10405.050000
1474009949000,10405.950000,10404.550000
1474009950000,10405.750000,10404.250000
1474009951000,10405.750000,10404.300000
1474009952000,10405.750000,10404.250000
1474009953000,10405.450000,10403.950000
1474009955000,10405.450000,10404.150000
1474009956000,10406.200000,10405.000000
1474009957000,10406.450000,10405.050000
1474009959000,10406.200000,10405.050000
1474009960000,10406.450000,10404.850000
1474009961000,10405.450000,10403.850000
1474009962000,10404.750000,10403.100000
1474009963000,10404.600000,10403.500000
1474009964000,10404.750000,10403.600000
1474009965000,10404.950000,10403.550000
1474009966000,10404.950000,10403.600000
1474009967000,10404.950000,10403.600000
1474009968000,10404.350000,10403.350000
1474009969000,10404.950000,10403.650000
1474009970000,10404.750000,10403.650000
1474009971000,10405.950000,10404.350000
1474009972000,10407.250000,10405.250000
1474009973000,10407.250000,10406.050000
1474009974000,10407.450000,10406.400000
1474009975000,10407.950000,10406.350000
1474009976000,10406.000000,10404.900000
1474009977000,10406.850000,10405.700000
1474009978000,10407.250000,10406.150000
1474009979000,10406.900000,10405.850000
1474009980000,10406.500000,10405.400000
1474009981000,10406.750000,10404.850000
1474009983000,10405.250000,10404.300000
1474009984000,10405.950000,10404.300000
1474009987000,10405.450000,10404.300000
1474009988000,10406.750000,10405.350000
1474009990000,10406.750000,10404.850000
1474009991000,10406.450000,10404.850000
1474009993000,10406.950000,10404.300000
1474009994000,10407.450000,10405.350000
1474009997000,10408.250000,10405.850000
1474009998000,10409.750000,10408.350000
1474009999000,10410.250000,10407.850000
1474010000000,10410.450000,10409.350000
1474010002000,10410.750000,10409.350000
1474010003000,10410.450000,10408.850000
1474010004000,10412.650000,10410.350000
1474010005000,10410.950000,10408.850000
1474010006000,10410.450000,10408.350000
1474010007000,10410.250000,10409.350000
1474010008000,10409.250000,10407.350000
1474010009000,10409.450000,10407.350000
1474010011000,10408.750000,10406.850000
1474010012000,10408.450000,10407.350000
1474010013000,10408.750000,10407.350000
1474010014000,10407.950000,10406.350000
1474010015000,10409.750000,10407.850000
1474010016000,10408.450000,10406.350000
1474010017000,10408.950000,10406.350000
1474010018000,10408.950000,10406.850000
1474010019000,10407.750000,10405.850000
1474010020000,10407.250000,10405.850000
1474010021000,10406.250000,10404.350000
1474010022000,10405.750000,10404.850000
1474010023000,10410.150000,10407.850000
1474010024000,10408.950000,10407.350000
1474010026000,10409.250000,10407.850000
1474010027000,10409.150000,10406.850000
1474010028000,10408.950000,10406.850000
1474010030000,10409.450000,10407.350000
1474010031000,10408.950000,10407.350000
1474010032000,10410.950000,10408.350000
1474010033000,10410.650000,10408.350000
1474010035000,10409.950000,10408.350000
1474010037000,10410.950000,10409.850000
1474010038000,10411.450000,10409.350000
1474010039000,10410.950000,10408.850000
1474010041000,10410.750000,10408.850000
1474010042000,10410.450000,10408.350000
1474010043000,10409.450000,10408.350000
1474010045000,10409.950000,10408.850000
1474010046000,10409.450000,10407.350000
1474010047000,10409.450000,10407.350000
1474010049000,10408.950000,10406.850000
1474010050000,10408.250000,10406.850000
1474010051000,10407.450000,10406.350000
1474010054000,10408.750000,10406.850000
1474010057000,10408.250000,10406.350000
1474010059000,10407.150000,10404.850000
1474010060000,10407.450000,10405.350000
1474010061000,10406.950000,10404.850000
1474010062000,10406.450000,10404.850000
1474010063000,10406.250000,10404.850000
1474010064000,10406.450000,10404.350000
1474010065000,10405.950000,10404.850000
1474010066000,10406.750000,10405.350000
1474010067000,10406.750000,10405.350000
1474010068000,10407.450000,10405.350000
1474010071000,10407.250000,10405.850000
1474010074000,10406.950000,10404.850000
1474010075000,10406.750000,10405.850000
1474010076000,10407.950000,10405.850000
1474010082000,10410.150000,10407.850000
1474010083000,10408.450000,10406.850000
1474010085000,10408.950000,10407.350000
1474010086000,10409.250000,10407.350000
1474010089000,10408.450000,10407.350000
1474010090000,10408.450000,10406.350000
1474010091000,10407.450000,10405.350000
1474010092000,10407.450000,10406.350000
1474010094000,10408.450000,10406.350000
1474010096000,10407.450000,10405.850000
1474010097000,10407.450000,10405.350000
1474010098000,10406.950000,10404.850000
1474010099000,10406.750000,10404.850000
1474010100000,10406.750000,10405.350000
1474010101000,10407.750000,10405.850000
1474010102000,10407.950000,10406.350000
1474010103000,10406.950000,10405.350000
1474010104000,10406.750000,10405.350000
1474010106000,10406.950000,10404.850000
1474010107000,10406.250000,10404.350000
1474010109000,10404.450000,10402.950000
1474010110000,10403.950000,10402.400000
1474010111000,10403.450000,10402.450000
1474010112000,10403.400000,10402.500000
1474010113000,10403.250000,10402.350000
1474010114000,10403.950000,10402.850000
1474010115000,10403.200000,10402.250000
1474010116000,10403.150000,10400.850000
1474010117000,10400.850000,10399.850000
1474010118000,10401.350000,10400.350000
1474010119000,10401.950000,10400.950000
1474010120000,10402.450000,10400.600000
1474010121000,10402.450000,10400.400000
1474010122000,10400.950000,10399.350000
1474010123000,10400.950000,10399.350000
1474010124000,10400.750000,10399.350000
1474010127000,10399.750000,10398.350000
1474010128000,10398.400000,10397.350000
1474010129000,10398.950000,10397.350000
1474010130000,10398.750000,10396.850000
1474010131000,10398.750000,10397.350000
1474010132000,10398.250000,10397.350000
1474010133000,10400.750000,10399.350000
1474010134000,10400.950000,10400.000000
1474010135000,10400.950000,10399.400000
1474010136000,10400.950000,10399.350000
1474010137000,10400.750000,10399.350000
1474010138000,10401.450000,10400.100000
1474010139000,10401.450000,10400.050000
1474010140000,10400.950000,10400.000000
1474010141000,10401.300000,10400.350000
1474010142000,10401.450000,10400.000000
1474010143000,10400.950000,10399.350000
1474010144000,10403.000000,10402.000000
1474010145000,10403.250000,10402.350000
1474010146000,10403.950000,10402.050000
1474010147000,10403.300000,10402.350000
1474010148000,10404.450000,10403.350000
1474010149000,10404.450000,10402.900000
1474010151000,10403.950000,10402.400000
1474010152000,10403.450000,10402.000000
1474010153000,10403.950000,10402.550000
1474010154000,10403.950000,10402.500000
1474010155000,10403.250000,10400.850000
1474010156000,10401.200000,10400.300000
1474010157000,10401.750000,10400.400000
1474010158000,10401.750000,10400.350000
1474010159000,10401.750000,10399.850000
1474010160000,10400.050000,10398.850000
1474010161000,10400.450000,10398.850000
1474010162000,10400.450000,10398.850000
1474010163000,10398.450000,10397.500000
1474010164000,10398.250000,10397.350000
1474010165000,10399.950000,10398.350000
1474010166000,10399.950000,10398.350000
1474010167000,10400.450000,10398.850000
1474010168000,10398.750000,10397.850000
1474010169000,10399.150000,10398.250000
1474010170000,10398.950000,10397.600000
1474010171000,10398.950000,10397.350000
1474010172000,10397.900000,10397.000000
1474010173000,10398.450000,10397.000000
1474010174000,10399.550000,10398.600000
1474010175000,10399.700000,10398.400000
1474010176000,10397.650000,10396.750000
1474010177000,10397.750000,10396.350000
1474010178000,10396.950000,10395.350000
1474010179000,10396.350000,10395.400000
1474010180000,10396.900000,10395.900000
1474010181000,10397.150000,10396.000000
1474010182000,10397.150000,10396.000000
1474010183000,10396.300000,10395.350000
1474010184000,10396.600000,10395.500000
1474010185000,10396.950000,10395.350000
1474010186000,10396.500000,10395.550000
1474010187000,10396.500000,10395.550000
1474010188000,10396.700000,10395.600000
1474010189000,10397.450000,10396.200000
1474010190000,10397.550000,10396.400000
1474010191000,10397.150000,10396.250000
1474010192000,10397.150000,10396.150000
1474010193000,10397.400000,10396.500000
1474010194000,10398.250000,10396.850000
1474010195000,10397.450000,10396.500000
1474010196000,10396.900000,10395.850000
1474010197000,10396.600000,10395.650000
1474010198000,10396.650000,10395.750000
1474010199000,10396.850000,10395.850000
1474010200000,10396.900000,10395.550000
1474010201000,10396.450000,10395.350000
1474010202000,10395.500000,10394.550000
1474010203000,10396.100000,10394.850000
1474010204000,10398.150000,10395.450000
1474010205000,10397.950000,10397.050000
1474010206000,10399.950000,10398.850000
1474010207000,10399.950000,10399.050000
1474010210000,10399.750000,10398.850000
1474010211000,10399.950000,10399.050000
1474010212000,10399.750000,10398.850000
1474010213000,10399.450000,10398.550000
1474010215000,10400.150000,10398.650000
1474010216000,10399.100000,10398.150000
1474010219000,10400.250000,10399.350000
1474010220000,10402.750000,10401.850000
1474010221000,10404.900000,10403.950000
1474010222000,10405.950000,10405.050000
1474010223000,10407.950000,10407.050000
1474010224000,10409.650000,10408.700000
1474010225000,10409.750000,10408.850000
1474010226000,10410.450000,10409.500000
1474010227000,10411.450000,10410.550000
1474010228000,10411.950000,10411.050000
1474010229000,10413.900000,10412.600000
1474010230000,10414.450000,10413.550000
1474010231000,10410.800000,10409.850000
1474010232000,10411.450000,10409.950000
1474010233000,10411.750000,10410.850000
1474010234000,10413.950000,10413.050000
1474010235000,10413.750000,10412.850000
1474010236000,10413.750000,10412.850000
1474010237000,10413.950000,10413.050000
1474010238000,10414.250000,10413.350000
1474010239000,10414.750000,10413.850000
1474010240000,10415.450000,10414.550000
1474010241000,10413.450000,10412.550000
1474010243000,10414.950000,10414.050000
1474010244000,10413.950000,10413.050000
1474010245000,10414.450000,10413.550000
1474010246000,10414.450000,10413.550000
1474010247000,10413.950000,10413.050000
1474010248000,10414.250000,10413.350000
1474010251000,10414.950000,10414.050000
1474010252000,10418.900000,10417.350000
1474010253000,10420.350000,10419.400000
1474010254000,10421.250000,10420.350000
1474010255000,10420.750000,10418.850000
1474010256000,10418.050000,10416.900000
1474010257000,10417.450000,10416.550000
1474010258000,10416.950000,10416.050000
1474010259000,10419.250000,10418.350000
1474010260000,10421.750000,10420.850000
1474010261000,10422.950000,10422.050000
1474010262000,10424.950000,10424.050000
1474010263000,10425.450000,10424.550000
1474010264000,10422.950000,10422.050000
1474010265000,10421.650000,10420.750000
1474010266000,10420.850000,10419.500000
1474010267000,10423.950000,10423.050000
1474010268000,10423.250000,10422.350000
1474010269000,10422.250000,10421.350000
1474010270000,10422.450000,10421.550000
1474010271000,10422.250000,10421.350000
1474010272000,10423.300000,10421.950000
1474010273000,10423.250000,10422.350000
1474010274000,10422.250000,10421.350000
1474010275000,10422.250000,10421.350000
1474010276000,10423.800000,10422.400000
1474010277000,10423.750000,10422.850000
1474010278000,10423.950000,10423.050000
1474010279000,10425.450000,10424.550000
1474010280000,10423.250000,10422.350000
1474010281000,10423.450000,10422.550000
1474010282000,10425.450000,10424.550000
1474010283000,10425.450000,10424.550000
1474010284000,10425.450000,10424.550000
1474010285000,10424.450000,10423.550000
1474010287000,10421.950000,10421.050000
1474010288000,10420.950000,10419.850000
1474010289000,10422.750000,10421.850000
1474010290000,10423.150000,10419.350000
1474010291000,10419.750000,10418.850000
1474010292000,10418.450000,10417.550000
1474010293000,10420.450000,10419.550000
1474010294000,10420.950000,10420.050000
1474010297000,10420.750000,10419.850000
1474010302000,10420.250000,10419.350000
1474010305000,10419.450000,10418.550000
1474010306000,10418.950000,10418.050000
1474010307000,10418.950000,10418.050000
1474010308000,10419.450000,10418.550000
1474010309000,10419.950000,10419.050000
1474010310000,10419.750000,10418.850000
1474010311000,10418.250000,10417.350000
1474010312000,10418.250000,10417.350000
1474010313000,10418.950000,10418.050000
1474010314000,10420.450000,10419.550000
1474010315000,10418.950000,10418.050000
1474010317000,10418.750000,10417.850000
1474010318000,10418.250000,10417.350000
1474010320000,10416.950000,10416.050000
1474010321000,10418.250000,10417.350000
1474010322000,10416.950000,10416.050000
1474010323000,10420.650000,10417.850000
1474010324000,10419.450000,10418.550000
1474010326000,10419.950000,10419.050000
1474010328000,10419.750000,10418.850000
1474010329000,10419.950000,10419.050000
1474010330000,10419.450000,10418.550000
1474010331000,10418.750000,10417.850000
1474010332000,10419.750000,10418.850000
1474010335000,10419.450000,10418.550000
1474010336000,10419.250000,10418.350000
1474010338000,10420.250000,10419.350000
1474010340000,10420.750000,10419.850000
1474010341000,10423.150000,10420.850000
1474010342000,10422.150000,10419.850000
1474010343000,10420.750000,10419.850000
1474010344000,10422.250000,10421.350000
1474010345000,10421.950000,10421.050000
1474010347000,10424.750000,10423.850000
1474010348000,10426.150000,10423.850000
1474010349000,10425.450000,10424.550000
1474010350000,10425.450000,10424.550000
1474010351000,10425.450000,10424.550000
1474010352000,10423.250000,10422.350000
1474010353000,10421.250000,10420.350000
1474010355000,10421.450000,10420.550000
1474010356000,10420.250000,10419.350000
1474010358000,10419.450000,10418.550000
1474010359000,10416.450000,10415.550000
1474010360000,10418.650000,10416.350000
1474010361000,10418.950000,10418.050000
1474010362000,10418.750000,10417.850000
1474010363000,10418.750000,10417.850000
1474010364000,10418.450000,10417.550000
1474010365000,10418.950000,10418.050000
1474010366000,10418.450000,10417.550000
1474010368000,10417.950000,10417.050000
1474010369000,10417.450000,10416.550000
1474010370000,10416.950000,10416.050000
1474010371000,10417.250000,10416.350000
1474010372000,10416.950000,10416.050000
1474010373000,10417.250000,10416.350000
1474010374000,10414.950000,10414.050000
1474010375000,10414.950000,10414.050000
1474010376000,10414.950000,10414.050000
1474010377000,10414.750000,10413.850000
1474010379000,10414.250000,10413.350000
1474010380000,10413.950000,10413.050000
1474010381000,10413.750000,10412.850000
1474010382000,10413.950000,10413.050000
1474010383000,10414.750000,10413.850000
1474010384000,10414.950000,10414.050000
1474010385000,10414.750000,10413.850000
1474010387000,10415.750000,10414.850000
1474010390000,10415.450000,10414.550000
1474010391000,10414.450000,10413.550000
1474010393000,10413.750000,10412.850000
1474010394000,10413.950000,10413.050000
1474010395000,10415.750000,10414.850000
1474010396000,10415.450000,10414.550000
1474010400000,10415.750000,10414.850000
1474010401000,10416.250000,10415.350000
1474010402000,10418.250000,10417.350000
1474010403000,10418.250000,10417.350000
1474010404000,10417.950000,10417.050000
1474010406000,10418.250000,10417.350000
1474010407000,10418.450000,10417.550000
1474010409000,10419.450000,10418.550000
1474010410000,10418.750000,10417.850000
1474010412000,10417.550000,10416.350000
1474010413000,10416.450000,10415.550000
1474010414000,10415.450000,10414.550000
1474010415000,10415.750000,10414.850000
1474010417000,10416.450000,10415.550000
1474010418000,10416.450000,10415.550000
1474010419000,10414.950000,10414.050000
1474010420000,10414.250000,10413.350000
1474010421000,10413.000000,10411.550000
1474010422000,10413.650000,10412.100000
1474010423000,10413.950000,10413.050000
1474010425000,10413.950000,10413.050000
1474010426000,10414.950000,10414.050000
1474010427000,10414.750000,10413.850000
1474010428000,10414.250000,10413.350000
1474010429000,10411.750000,10410.850000
1474010430000,10410.250000,10409.350000
1474010431000,10409.950000,10409.050000
1474010433000,10410.250000,10409.350000
1474010434000,10410.450000,10409.550000
1474010435000,10410.450000,10409.550000
1474010436000,10410.950000,10410.050000
1474010437000,10411.650000,10409.850000
1474010438000,10410.750000,10409.850000
1474010439000,10409.450000,10408.550000
1474010440000,10410.150000,10407.800000
1474010441000,10409.450000,10408.550000
1474010442000,10410.250000,10409.350000
1474010443000,10409.950000,10409.050000
1474010444000,10411.250000,10410.350000
1474010445000,10411.750000,10410.850000
1474010447000,10414.150000,10412.050000
1474010448000,10412.750000,10411.850000
1474010449000,10412.450000,10411.550000
1474010451000,10410.450000,10409.550000
1474010452000,10412.650000,10410.350000
1474010453000,10412.750000,10411.850000
1474010454000,10414.450000,10413.550000
1474010455000,10415.150000,10412.600000
1474010456000,10414.250000,10413.350000
1474010457000,10413.750000,10412.850000
1474010458000,10413.450000,10412.550000
1474010459000,10411.950000,10411.050000
1474010460000,10410.150000,10403.350000
1474010461000,10404.450000,10403.550000
1474010462000,10404.950000,10404.050000
1474010463000,10404.750000,10403.850000
1474010464000,10402.950000,10402.050000
1474010465000,10404.150000,10402.850000
1474010466000,10405.650000,10404.400000
1474010467000,10407.150000,10404.850000
1474010468000,10406.250000,10405.350000
1474010469000,10406.450000,10405.550000
1474010470000,10406.450000,10405.550000
1474010471000,10406.150000,10401.350000
1474010472000,10403.650000,10401.350000
1474010473000,10404.200000,10402.850000
1474010474000,10403.800000,10402.850000
1474010476000,10404.750000,10403.850000
1474010477000,10406.950000,10406.050000
1474010478000,10406.450000,10405.550000
1474010480000,10406.950000,10406.050000
1474010481000,10408.150000,10406.900000
1474010482000,10408.450000,10407.550000
1474010483000,10407.950000,10407.050000
1474010484000,10407.950000,10407.050000
1474010485000,10407.750000,10406.850000
1474010486000,10407.450000,10406.550000
1474010487000,10405.950000,10405.050000
1474010488000,10404.950000,10404.050000
1474010489000,10405.250000,10404.350000
1474010490000,10406.450000,10405.550000
1474010491000,10406.950000,10406.050000
1474010494000,10407.450000,10406.550000
1474010495000,10405.450000,10404.550000
1474010496000,10405.950000,10405.050000
1474010498000,10406.750000,10405.850000
1474010499000,10406.250000,10405.350000
1474010501000,10404.950000,10404.050000
1474010502000,10406.150000,10404.500000
1474010503000,10405.950000,10405.050000
1474010504000,10406.650000,10405.300000
1474010505000,10407.950000,10407.050000
1474010506000,10406.450000,10405.550000
1474010507000,10406.750000,10405.850000
1474010509000,10405.950000,10405.050000
1474010511000,10405.750000,10404.850000
1474010512000,10405.450000,10404.550000
1474010514000,10404.950000,10404.050000
1474010516000,10404.750000,10403.850000
1474010519000,10405.350000,10404.000000
1474010520000,10405.450000,10404.550000
1474010525000,10406.300000,10405.350000
1474010526000,10407.950000,10407.050000
1474010527000,10406.950000,10406.050000
1474010528000,10406.750000,10405.850000
1474010529000,10406.950000,10406.050000
1474010533000,10405.750000,10404.850000
1474010534000,10405.450000,10404.550000
1474010535000,10403.450000,10402.550000
1474010536000,10403.450000,10402.550000
1474010538000,10402.450000,10401.550000
1474010539000,10403.450000,10402.550000
1474010541000,10402.750000,10401.850000
1474010542000,10402.750000,10401.850000
1474010543000,10402.450000,10401.550000
1474010544000,10400.450000,10399.550000
1474010545000,10400.750000,10399.850000
1474010546000,10400.950000,10400.050000
1474010547000,10401.250000,10400.350000
1474010548000,10401.950000,10400.800000
1474010549000,10402.400000,10401.100000
1474010550000,10405.450000,10404.300000
1474010551000,10403.750000,10402.850000
1474010552000,10401.450000,10400.550000
1474010553000,10401.750000,10400.850000
1474010554000,10402.450000,10401.550000
1474010555000,10404.950000,10404.050000
1474010556000,10403.250000,10402.350000
1474010557000,10404.250000,10403.350000
1474010558000,10404.250000,10403.350000
1474010559000,10403.650000,10402.200000
1474010560000,10404.250000,10403.100000
1474010566000,10403.450000,10402.550000
1474010567000,10403.750000,10402.850000
1474010568000,10403.950000,10403.050000
1474010569000,10403.750000,10402.600000
1474010570000,10407.700000,10406.400000
1474010571000,10407.450000,10406.550000
1474010572000,10405.950000,10405.050000
1474010574000,10406.900000,10405.900000
1474010576000,10407.650000,10406.300000
1474010577000,10407.650000,10406.650000
1474010578000,10408.750000,10407.850000
1474010579000,10408.250000,10407.350000
1474010581000,10407.950000,10407.050000
1474010583000,10408.450000,10407.550000
1474010584000,10407.950000,10407.050000
1474010587000,10407.750000,10406.850000
1474010588000,10407.450000,10406.550000
1474010589000,10407.250000,10406.350000
1474010593000,10406.900000,10405.950000
1474010597000,10408.150000,10406.800000
1474010601000,10408.250000,10407.350000
1474010602000,10408.250000,10407.350000
1474010605000,10408.450000,10407.550000
1474010607000,10407.950000,10407.050000
1474010608000,10408.050000,10407.100000
1474010612000,10407.950000,10407.050000
1474010613000,10408.850000,10407.900000
1474010614000,10407.750000,10406.850000
1474010615000,10405.750000,10404.850000
1474010617000,10405.750000,10404.850000
1474010618000,10405.450000,10404.550000
1474010621000,10406.150000,10405.100000
1474010624000,10406.250000,10405.350000
1474010625000,10405.950000,10405.050000
1474010627000,10407.450000,10406.550000
1474010628000,10407.750000,10406.850000
1474010632000,10406.950000,10406.050000
1474010633000,10407.950000,10407.050000
1474010635000,10407.750000,10406.850000
1474010636000,10407.650000,10406.100000
1474010638000,10406.450000,10405.550000
1474010640000,10407.750000,10406.850000
1474010644000,10408.400000,10407.300000
1474010645000,10408.450000,10407.550000
1474010646000,10408.450000,10407.550000
1474010647000,10408.750000,10407.850000
1474010648000,10408.250000,10407.350000
1474010649000,10408.250000,10407.350000
1474010650000,10407.750000,10406.850000
1474010651000,10407.450000,10406.550000
1474010652000,10406.450000,10405.550000
1474010653000,10405.450000,10404.550000
1474010654000,10404.950000,10404.050000
1474010655000,10405.150000,10404.100000
1474010657000,10404.750000,10403.850000
1474010658000,10404.950000,10404.050000
1474010659000,10403.950000,10403.050000
1474010660000,10403.750000,10402.850000
1474010661000,10402.750000,10401.850000
1474010662000,10402.450000,10401.550000
1474010663000,10401.450000,10400.550000
1474010664000,10402.450000,10401.550000
1474010665000,10401.950000,10401.050000
1474010666000,10401.750000,10400.850000
1474010667000,10401.950000,10401.050000
1474010668000,10401.450000,10400.550000
1474010669000,10401.650000,10400.200000
1474010670000,10400.450000,10399.550000
1474010671000,10401.250000,10400.150000
1474010672000,10401.400000,10400.250000
1474010675000,10401.750000,10400.850000
1474010676000,10402.650000,10401.550000
1474010677000,10402.450000,10401.550000
1474010678000,10401.950000,10401.050000
1474010679000,10401.950000,10401.050000
1474010680000,10402.050000,10400.900000
1474010681000,10401.750000,10400.850000
1474010683000,10402.050000,10400.900000
1474010684000,10398.950000,10398.050000
1474010685000,10397.950000,10397.050000
1474010686000,10396.950000,10396.050000
1474010687000,10397.250000,10396.350000
1474010688000,10398.550000,10397.450000
1474010689000,10399.450000,10398.550000
1474010690000,10399.950000,10399.050000
1474010691000,10399.950000,10399.050000
1474010693000,10399.750000,10398.850000
1474010694000,10399.800000,10398.600000
1474010695000,10399.450000,10398.550000
1474010696000,10398.950000,10398.050000
1474010697000,10398.250000,10397.350000
1474010698000,10397.950000,10397.050000
1474010699000,10398.450000,10397.550000
1474010701000,10398.750000,10397.850000
1474010702000,10398.450000,10397.550000
1474010703000,10398.200000,10397.100000
1474010704000,10397.450000,10396.550000
1474010706000,10396.950000,10396.050000
1474010708000,10396.750000,10395.850000
1474010709000,10396.950000,10396.050000
1474010711000,10397.250000,10396.350000
1474010712000,10396.750000,10395.850000
1474010714000,10395.950000,10395.050000
1474010716000,10394.950000,10394.050000
1474010717000,10395.750000,10394.850000
1474010718000,10396.750000,10395.850000
1474010719000,10396.750000,10395.850000
1474010721000,10397.100000,10395.950000
1474010722000,10398.450000,10397.550000
1474010723000,10397.750000,10396.850000
1474010724000,10397.450000,10396.550000
1474010725000,10396.950000,10396.050000
1474010726000,10395.450000,10394.550000
1474010727000,10393.950000,10393.050000
1474010728000,10396.600000,10395.550000
1474010729000,10396.800000,10395.650000
1474010730000,10397.650000,10396.450000
1474010732000,10397.750000,10396.850000
1474010733000,10398.600000,10397.650000
1474010734000,10398.750000,10397.850000
1474010736000,10397.450000,10396.550000
1474010737000,10396.750000,10395.850000
1474010738000,10397.250000,10396.350000
1474010739000,10396.450000,10395.550000
1474010742000,10396.950000,10396.050000
1474010743000,10397.750000,10396.850000
1474010744000,10397.750000,10396.850000
1474010745000,10397.950000,10397.050000
1474010748000,10398.450000,10397.550000
1474010749000,10398.250000,10397.350000
1474010751000,10397.950000,10397.050000
1474010753000,10397.700000,10396.600000
1474010755000,10398.350000,10397.200000
1474010756000,10398.450000,10397.550000
1474010758000,10398.700000,10397.750000
1474010759000,10399.950000,10399.050000
1474010760000,10399.950000,10399.050000
1474010761000,10400.450000,10399.550000
1474010762000,10399.950000,10399.050000
1474010763000,10399.950000,10399.050000
1474010764000,10399.750000,10398.850000
1474010766000,10399.450000,10398.550000
1474010770000,10398.750000,10397.850000
1474010771000,10397.450000,10396.550000
1474010783000,10397.450000,10396.550000
1474010785000,10398.150000,10397.200000
1474010786000,10398.450000,10397.550000
1474010788000,10398.250000,10397.100000
1474010789000,10397.450000,10396.550000
1474010790000,10395.450000,10394.550000
1474010792000,10395.250000,10394.350000
1474010793000,10394.950000,10394.050000
1474010794000,10395.250000,10394.100000
1474010795000,10395.350000,10394.150000
1474010796000,10395.650000,10394.200000
1474010797000,10397.900000,10396.750000
1474010798000,10397.450000,10396.550000
1474010799000,10396.750000,10395.600000
1474010800000,10395.450000,10394.550000
1474010801000,10395.250000,10394.350000
1474010804000,10395.250000,10394.350000
1474010805000,10395.250000,10394.350000
1474010806000,10395.750000,10394.600000
1474010807000,10395.450000,10394.550000
1474010808000,10395.850000,10394.750000
1474010809000,10396.950000,10396.050000
1474010810000,10396.650000,10395.700000
1474010812000,10396.600000,10395.650000
1474010813000,10396.750000,10395.850000
1474010817000,10396.950000,10396.050000
1474010819000,10398.650000,10396.550000
1474010820000,10400.150000,10398.550000
1474010821000,10399.650000,10397.350000
1474010822000,10399.650000,10396.850000
1474010823000,10397.750000,10396.850000
1474010824000,10397.450000,10396.550000
1474010825000,10396.750000,10395.850000
1474010828000,10397.150000,10395.850000
1474010829000,10394.950000,10394.050000
1474010831000,10395.450000,10394.550000
1474010832000,10399.450000,10398.550000
1474010834000,10399.750000,10398.850000
1474010835000,10399.450000,10398.550000
1474010836000,10399.250000,10398.350000
1474010841000,10398.450000,10397.550000
1474010843000,10397.650000,10394.850000
1474010844000,10396.750000,10395.850000
1474010845000,10394.950000,10394.050000
1474010846000,10395.250000,10394.350000
1474010847000,10395.950000,10395.050000
1474010848000,10396.450000,10395.550000
1474010849000,10397.950000,10397.050000
1474010850000,10398.450000,10397.550000
1474010851000,10398.950000,10398.050000
1474010853000,10399.250000,10398.350000
1474010854000,10398.750000,10397.850000
1474010855000,10398.450000,10397.550000
1474010856000,10399.450000,10398.550000
1474010857000,10398.950000,10398.050000
1474010858000,10398.450000,10397.550000
1474010860000,10398.750000,10397.850000
1474010861000,10399.250000,10398.350000
1474010862000,10398.750000,10397.850000
1474010863000,10398.750000,10397.850000
1474010864000,10400.250000,10399.350000
1474010865000,10400.450000,10399.550000
1474010866000,10399.450000,10398.550000
1474010867000,10398.750000,10397.850000
1474010869000,10399.450000,10398.550000
1474010870000,10398.950000,10398.050000
1474010872000,10400.150000,10397.850000
1474010873000,10399.450000,10398.550000
1474010875000,10399.250000,10398.350000
1474010876000,10399.450000,10398.550000
1474010877000,10399.750000,10398.850000
1474010878000,10399.750000,10398.850000
1474010879000,10399.950000,10399.050000
1474010880000,10398.950000,10398.050000
1474010881000,10398.750000,10397.850000
1474010882000,10397.950000,10397.050000
1474010883000,10397.950000,10397.050000
1474010884000,10397.750000,10396.850000
1474010885000,10397.750000,10396.850000
1474010889000,10398.950000,10398.050000
1474010890000,10398.750000,10397.850000
1474010891000,10400.450000,10399.500000
1474010893000,10400.350000,10399.150000
1474010898000,10400.350000,10399.150000
1474010899000,10399.450000,10398.550000
1474010900000,10397.650000,10396.750000
1474010901000,10396.500000,10395.550000
1474010902000,10397.800000,10396.650000
1474010904000,10397.450000,10396.550000
1474010905000,10397.250000,10396.350000
1474010906000,10397.850000,10396.700000
1474010910000,10398.400000,10396.950000
1474010912000,10398.250000,10397.100000
1474010914000,10398.900000,10397.700000
1474010915000,10400.950000,10400.050000
1474010916000,10400.450000,10399.550000
1474010917000,10401.400000,10400.250000
1474010918000,10401.450000,10400.550000
1474010919000,10401.250000,10400.350000
1474010920000,10403.450000,10402.550000
1474010921000,10403.750000,10402.750000
1474010922000,10403.450000,10402.550000
1474010923000,10405.850000,10404.700000
1474010924000,10405.750000,10404.850000
1474010925000,10407.450000,10406.550000
1474010926000,10407.950000,10407.050000
1474010927000,10407.950000,10407.050000
1474010928000,10408.650000,10407.050000
1474010929000,10407.500000,10406.550000
1474010930000,10407.600000,10406.600000
1474010931000,10407.450000,10406.550000
1474010932000,10407.450000,10406.550000
1474010933000,10406.950000,10406.050000
1474010934000,10407.450000,10406.550000
1474010935000,10408.950000,10408.050000
1474010936000,10408.450000,10407.550000
1474010937000,10409.100000,10408.000000
1474010938000,10409.750000,10408.850000
1474010939000,10409.450000,10408.550000
1474010940000,10408.750000,10407.850000
1474010941000,10408.250000,10407.350000
1474010942000,10407.600000,10406.650000
1474010943000,10407.450000,10406.550000
1474010945000,10406.250000,10405.350000
1474010947000,10406.250000,10405.350000
1474010948000,10406.050000,10405.100000
1474010949000,10405.950000,10405.050000
1474010950000,10405.800000,10404.850000
1474010951000,10405.750000,10404.850000
1474010954000,10404.750000,10403.850000
1474010955000,10405.350000,10404.050000
1474010956000,10405.450000,10404.550000
1474010959000,10405.800000,10404.650000
1474010960000,10406.250000,10405.350000
1474010961000,10406.700000,10405.750000
1474010962000,10405.450000,10404.550000
1474010963000,10404.750000,10403.850000
1474010964000,10403.750000,10402.850000
1474010966000,10403.450000,10402.550000
1474010967000,10403.450000,10402.550000
1474010968000,10405.950000,10405.050000
1474010971000,10405.450000,10404.550000
1474010972000,10405.600000,10404.650000
1474010973000,10404.950000,10404.050000
1474010974000,10404.150000,10402.200000
1474010976000,10403.150000,10402.200000
1474010977000,10402.950000,10402.050000
1474010978000,10402.950000,10402.050000
1474010979000,10401.450000,10400.550000
1474010980000,10401.450000,10400.550000
1474010981000,10401.250000,10400.350000
1474010982000,10400.450000,10399.550000
1474010983000,10400.950000,10400.050000
1474010984000,10400.450000,10399.550000
1474010985000,10400.400000,10399.500000
1474010986000,10399.950000,10399.050000
1474010987000,10400.400000,10399.500000
1474010989000,10399.950000,10399.050000
1474010990000,10400.400000,10399.500000
1474010991000,10398.250000,10397.350000
1474010993000,10396.950000,10396.050000
1474010994000,10396.450000,10395.550000
1474010995000,10396.450000,10395.550000
1474010996000,10396.450000,10395.550000
1474010997000,10396.450000,10395.550000
1474010998000,10397.150000,10395.350000
1474010999000,10396.950000,10396.050000
1474011000000,10397.250000,10396.350000
1474011001000,10397.450000,10396.550000
1474011002000,10397.150000,10392.350000
1474011004000,10394.750000,10393.850000
1474011005000,10396.950000,10396.050000
1474011006000,10396.950000,10396.050000
1474011007000,10396.750000,10395.850000
1474011008000,10397.150000,10394.850000
1474011009000,10396.750000,10395.850000
1474011010000,10397.250000,10396.350000
1474011011000,10396.950000,10396.050000
1474011012000,10395.950000,10395.050000
1474011013000,10395.250000,10394.350000
1474011014000,10394.950000,10394.050000
1474011015000,10394.450000,10393.550000
1474011016000,10394.250000,10393.350000
1474011017000,10395.450000,10394.550000
1474011018000,10395.250000,10394.350000
1474011019000,10395.450000,10394.550000
1474011020000,10396.250000,10395.350000
1474011022000,10396.450000,10395.550000
1474011023000,10396.950000,10396.050000
1474011025000,10396.750000,10395.850000
1474011026000,10396.450000,10395.550000
1474011027000,10396.250000,10395.350000
1474011028000,10396.750000,10395.850000
1474011029000,10396.950000,10396.050000
1474011030000,10396.250000,10395.350000
1474011032000,10395.950000,10395.050000
1474011033000,10396.250000,10395.350000
1474011034000,10395.750000,10394.850000
1474011035000,10396.450000,10395.550000
1474011037000,10396.250000,10395.350000
1474011038000,10395.950000,10395.050000
1474011041000,10394.750000,10393.850000
1474011042000,10393.950000,10393.050000
1474011044000,10393.950000,10393.050000
1474011045000,10395.250000,10394.350000
1474011046000,10395.950000,10395.050000
1474011047000,10395.950000,10395.050000
1474011050000,10396.750000,10395.850000
1474011052000,10396.950000,10396.050000
1474011053000,10396.750000,10395.850000
1474011054000,10396.250000,10395.350000
1474011056000,10395.950000,10395.050000
1474011057000,10393.750000,10392.850000
1474011058000,10392.950000,10392.050000
1474011059000,10393.750000,10392.850000
1474011063000,10393.950000,10393.050000
1474011064000,10393.750000,10392.850000
1474011066000,10393.950000,10393.050000
1474011067000,10393.950000,10393.050000
1474011068000,10394.450000,10393.550000
1474011069000,10393.950000,10393.050000
1474011070000,10393.550000,10392.550000
1474011071000,10394.250000,10393.350000
1474011072000,10393.950000,10393.050000
1474011073000,10393.450000,10392.550000
1474011074000,10393.950000,10393.050000
1474011076000,10393.700000,10392.400000
1474011078000,10393.250000,10392.350000
1474011079000,10392.450000,10391.550000
1474011080000,10392.750000,10391.850000
1474011082000,10393.450000,10392.550000
1474011083000,10393.050000,10391.900000
1474011084000,10392.450000,10391.550000
1474011085000,10391.750000,10390.850000
1474011086000,10390.950000,10390.050000
1474011087000,10391.250000,10390.350000
1474011088000,10393.950000,10393.050000
1474011090000,10392.950000,10392.050000
1474011091000,10392.450000,10391.550000
1474011092000,10393.150000,10392.250000
1474011093000,10392.950000,10392.050000
1474011094000,10393.450000,10392.550000
1474011095000,10394.250000,10393.350000
1474011096000,10393.950000,10393.050000
1474011098000,10394.100000,10393.150000
1474011099000,10393.950000,10393.050000
1474011100000,10394.350000,10393.400000
1474011102000,10394.450000,10393.500000
1474011103000,10393.950000,10393.050000
1474011105000,10394.450000,10393.450000
1474011106000,10394.450000,10393.550000
1474011107000,10394.450000,10393.550000
1474011108000,10393.950000,10393.050000
1474011109000,10394.250000,10393.350000
1474011110000,10394.900000,10393.900000
1474011114000,10394.950000,10394.050000
1474011115000,10394.750000,10393.850000
1474011116000,10394.450000,10393.550000
1474011117000,10395.050000,10394.100000
1474011118000,10395.250000,10394.350000
1474011119000,10395.450000,10394.550000
1474011120000,10395.750000,10394.850000
1474011121000,10396.750000,10395.850000
1474011122000,10396.750000,10395.850000
1474011123000,10398.450000,10397.550000
1474011124000,10397.950000,10397.050000
1474011125000,10398.100000,10397.150000
1474011126000,10397.750000,10396.850000
1474011127000,10397.600000,10396.650000
1474011128000,10397.450000,10396.550000
1474011129000,10397.250000,10396.350000
1474011130000,10397.650000,10396.350000
1474011131000,10396.950000,10396.050000
1474011132000,10397.450000,10396.550000
1474011133000,10397.450000,10396.550000
1474011135000,10397.250000,10396.350000
1474011136000,10396.750000,10395.850000
1474011138000,10396.450000,10395.550000
1474011139000,10396.450000,10395.300000
1474011140000,10398.750000,10397.850000
1474011141000,10403.250000,10402.100000
1474011142000,10402.950000,10402.050000
1474011143000,10404.650000,10403.300000
1474011144000,10404.450000,10403.550000
1474011145000,10406.250000,10405.350000
1474011146000,10405.250000,10404.350000
1474011147000,10405.450000,10404.550000
1474011148000,10404.450000,10403.550000
1474011149000,10403.950000,10402.350000
1474011150000,10402.950000,10401.900000
1474011151000,10402.800000,10401.350000
1474011152000,10404.450000,10402.850000
1474011153000,10403.250000,10402.250000
1474011154000,10403.350000,10402.150000
1474011155000,10403.750000,10402.850000
1474011156000,10403.450000,10402.550000
1474011158000,10403.450000,10402.550000
1474011159000,10403.100000,10402.100000
1474011160000,10401.750000,10400.850000
1474011161000,10401.250000,10400.350000
1474011162000,10401.250000,10400.350000
1474011163000,10401.250000,10400.350000
1474011166000,10401.250000,10400.350000
1474011167000,10400.450000,10399.550000
1474011168000,10399.450000,10398.550000
1474011170000,10397.950000,10397.050000
1474011171000,10398.450000,10397.550000
1474011172000,10397.750000,10396.850000
1474011173000,10399.750000,10398.850000
1474011175000,10399.950000,10399.050000
1474011176000,10399.750000,10398.850000
1474011177000,10399.950000,10399.050000
1474011178000,10400.750000,10399.850000
1474011179000,10400.450000,10399.550000
1474011180000,10400.750000,10399.850000
1474011182000,10400.450000,10399.550000
1474011183000,10400.750000,10399.850000
1474011184000,10400.750000,10399.850000
1474011185000,10401.450000,10400.550000
1474011186000,10401.250000,10400.350000
1474011187000,10400.950000,10400.050000
1474011188000,10402.950000,10402.050000
1474011189000,10402.450000,10401.550000
1474011191000,10402.950000,10402.050000
1474011192000,10402.450000,10401.550000
1474011193000,10403.250000,10402.350000
1474011197000,10402.950000,10402.050000
1474011198000,10402.750000,10401.850000
1474011199000,10403.250000,10402.350000
1474011200000,10403.450000,10402.550000
1474011201000,10402.750000,10401.850000
1474011202000,10402.450000,10401.550000
1474011205000,10401.950000,10401.050000
1474011207000,10401.450000,10400.550000
1474011209000,10401.250000,10400.350000
1474011210000,10401.450000,10400.550000
1474011213000,10400.750000,10399.850000
1474011214000,10401.650000,10397.350000
1474011215000,10398.950000,10398.050000
1474011216000,10397.750000,10396.850000
1474011217000,10397.750000,10396.850000
1474011218000,10397.450000,10396.550000
1474011219000,10396.950000,10396.050000
1474011222000,10396.750000,10395.850000
1474011223000,10396.950000,10396.050000
1474011224000,10397.750000,10396.850000
1474011225000,10397.450000,10396.550000
1474011226000,10396.950000,10396.050000
1474011227000,10396.450000,10395.550000
1474011228000,10396.950000,10396.050000
1474011230000,10396.250000,10395.350000
1474011232000,10394.450000,10393.550000
1474011234000,10394.950000,10394.050000
1474011235000,10395.750000,10394.850000
1474011236000,10395.450000,10394.550000
1474011238000,10395.750000,10394.850000
1474011240000,10395.250000,10394.350000
1474011241000,10395.450000,10394.550000
1474011242000,10394.950000,10394.050000
1474011245000,10395.450000,10394.550000
1474011246000,10395.250000,10394.350000
1474011249000,10394.950000,10394.050000
1474011250000,10395.450000,10394.550000
1474011252000,10395.500000,10394.600000
1474011253000,10395.550000,10394.600000
1474011254000,10395.650000,10394.650000
1474011255000,10395.950000,10395.050000
1474011257000,10395.950000,10395.050000
1474011258000,10397.550000,10396.600000
1474011259000,10395.450000,10394.550000
1474011260000,10394.950000,10394.050000
1474011261000,10394.950000,10394.050000
1474011262000,10394.950000,10394.050000
1474011263000,10395.600000,10394.650000
1474011264000,10395.450000,10394.550000
1474011266000,10395.550000,10394.600000
1474011270000,10395.600000,10394.650000
1474011272000,10395.550000,10394.600000
1474011273000,10395.700000,10394.700000
1474011274000,10397.950000,10397.050000
1474011275000,10396.450000,10395.550000
1474011276000,10396.250000,10395.350000
1474011277000,10396.100000,10395.150000
1474011278000,10396.150000,10395.100000
1474011279000,10396.250000,10395.350000
1474011280000,10396.950000,10396.050000
1474011281000,10397.750000,10396.850000
1474011282000,10396.950000,10396.050000
1474011283000,10397.750000,10396.850000
1474011284000,10397.450000,10396.550000
1474011286000,10398.100000,10396.750000
1474011287000,10397.950000,10397.050000
1474011288000,10396.750000,10395.850000
1474011289000,10396.950000,10396.050000
1474011290000,10397.300000,10396.350000
1474011291000,10396.350000,10395.150000
1474011294000,10395.450000,10394.550000
1474011295000,10396.250000,10395.350000
1474011296000,10395.450000,10394.550000
1474011297000,10395.800000,10394.850000
1474011298000,10395.950000,10395.050000
1474011299000,10396.250000,10395.350000
1474011300000,10396.550000,10395.600000
1474011301000,10395.950000,10395.050000
1474011302000,10394.250000,10393.350000
1474011303000,10394.250000,10393.350000
1474011304000,10393.950000,10393.050000
1474011305000,10394.000000,10393.100000
1474011306000,10393.950000,10393.050000
1474011307000,10394.250000,10393.300000
1474011308000,10394.450000,10393.550000
1474011309000,10394.750000,10393.850000
1474011310000,10394.450000,10393.550000
1474011312000,10394.950000,10394.050000
1474011313000,10395.550000,10394.600000
1474011315000,10395.450000,10394.550000
1474011316000,10397.750000,10396.850000
1474011317000,10397.450000,10396.550000
1474011318000,10396.450000,10395.550000
1474011321000,10396.550000,10395.600000
1474011322000,10396.450000,10395.550000
1474011323000,10396.450000,10395.550000
1474011324000,10396.450000,10395.550000
1474011325000,10397.450000,10396.550000
1474011326000,10396.950000,10396.050000
1474011327000,10396.550000,10395.600000
1474011328000,10396.350000,10395.250000
1474011329000,10395.950000,10395.050000
1474011331000,10394.950000,10394.050000
1474011332000,10394.250000,10393.350000
1474011333000,10393.850000,10392.700000
1474011334000,10393.350000,10392.400000
1474011335000,10392.800000,10391.600000
1474011336000,10393.250000,10392.350000
1474011337000,10392.450000,10391.550000
1474011338000,10389.250000,10388.350000
1474011339000,10389.950000,10389.000000
1474011340000,10386.950000,10386.050000
1474011341000,10385.950000,10385.050000
1474011342000,10385.750000,10384.850000
1474011343000,10386.450000,10385.450000
1474011344000,10386.950000,10386.050000
1474011345000,10387.750000,10386.850000
1474011346000,10388.050000,10387.100000
1474011347000,10387.950000,10387.050000
1474011348000,10386.250000,10385.350000
1474011349000,10385.950000,10385.050000
1474011350000,10385.250000,10384.350000
1474011351000,10385.150000,10383.900000
1474011352000,10385.450000,10384.550000
1474011353000,10385.450000,10384.550000
1474011354000,10385.950000,10385.050000
1474011355000,10387.150000,10386.200000
1474011356000,10387.550000,10386.600000
1474011357000,10388.100000,10386.900000
1474011358000,10386.450000,10385.550000
1474011359000,10386.750000,10385.850000
1474011360000,10386.750000,10385.850000
1474011361000,10386.750000,10385.850000
1474011362000,10386.450000,10385.550000
1474011363000,10386.750000,10385.850000
1474011364000,10386.000000,10385.100000
1474011365000,10385.450000,10384.550000
1474011366000,10384.500000,10383.600000
1474011367000,10384.950000,10384.050000
1474011368000,10385.050000,10384.100000
1474011369000,10384.950000,10384.050000
1474011370000,10384.750000,10383.850000
1474011371000,10384.750000,10383.850000
1474011372000,10385.000000,10384.050000
1474011374000,10385.650000,10384.250000
1474011375000,10385.150000,10384.200000
1474011376000,10386.300000,10385.350000
1474011377000,10386.900000,10385.950000
1474011378000,10386.950000,10386.050000
1474011379000,10384.100000,10383.150000
1474011380000,10384.250000,10383.350000
1474011381000,10384.000000,10383.100000
1474011382000,10382.750000,10381.850000
1474011383000,10381.150000,10380.100000
1474011384000,10381.750000,10380.850000
1474011385000,10381.650000,10380.050000
1474011386000,10381.450000,10380.550000
1474011387000,10380.900000,10379.950000
1474011388000,10380.950000,10380.050000
1474011389000,10380.750000,10379.850000
1474011390000,10381.550000,10380.600000
1474011391000,10381.450000,10380.550000
1474011392000,10381.800000,10380.600000
1474011393000,10380.950000,10380.050000
1474011394000,10379.450000,10378.550000
1474011396000,10378.950000,10378.050000
1474011397000,10378.750000,10377.850000
1474011398000,10379.450000,10378.550000
1474011399000,10379.750000,10378.850000
1474011400000,10379.950000,10379.050000
1474011401000,10380.950000,10380.050000
1474011402000,10380.750000,10379.850000
1474011403000,10379.150000,10376.350000
1474011404000,10377.650000,10374.850000
1474011405000,10377.450000,10376.550000
1474011406000,10376.450000,10375.550000
1474011407000,10378.250000,10377.350000
1474011408000,10377.950000,10377.050000
1474011410000,10377.950000,10377.050000
1474011411000,10378.750000,10377.850000
1474011412000,10378.250000,10377.350000
1474011413000,10378.750000,10377.850000
1474011414000,10378.450000,10377.550000
1474011415000,10378.750000,10377.850000
1474011416000,10378.950000,10378.050000
1474011417000,10379.250000,10378.350000
1474011418000,10379.450000,10378.550000
1474011420000,10379.950000,10379.050000
1474011421000,10379.250000,10378.350000
1474011422000,10378.950000,10378.050000
1474011423000,10379.450000,10378.550000
1474011424000,10379.450000,10378.550000
1474011425000,10378.950000,10378.050000
1474011426000,10378.150000,10376.350000
1474011427000,10377.750000,10376.850000
1474011428000,10379.150000,10376.850000
1474011429000,10380.150000,10378.350000
1474011430000,10378.750000,10377.850000
1474011431000,10378.950000,10378.050000
1474011438000,10379.750000,10378.850000
1474011440000,10380.250000,10379.350000
1474011441000,10381.250000,10380.350000
1474011442000,10381.250000,10380.350000
1474011443000,10380.750000,10379.850000
1474011444000,10384.650000,10381.350000
1474011445000,10383.950000,10383.050000
1474011446000,10383.650000,10382.350000
1474011447000,10383.950000,10383.050000
1474011448000,10384.650000,10382.350000
1474011449000,10384.650000,10383.050000
1474011450000,10385.650000,10383.550000
1474011451000,10386.150000,10383.850000
1474011452000,10386.150000,10384.350000
1474011453000,10384.650000,10382.350000
1474011454000,10385.650000,10384.450000
1474011455000,10386.650000,10385.650000
1474011456000,10386.650000,10383.850000
1474011457000,10384.250000,10383.350000
1474011458000,10384.250000,10383.350000
1474011459000,10383.750000,10382.850000
1474011460000,10383.450000,10382.550000
1474011461000,10382.450000,10381.550000
1474011462000,10381.950000,10381.050000
1474011463000,10381.450000,10380.550000
1474011464000,10382.450000,10381.550000
1474011465000,10383.450000,10382.550000
1474011469000,10384.250000,10383.350000
1474011470000,10384.750000,10383.850000
1474011471000,10384.950000,10384.050000
1474011472000,10385.250000,10384.350000
1474011473000,10385.450000,10384.550000
1474011476000,10385.750000,10384.850000
1474011477000,10386.750000,10385.850000
1474011478000,10386.450000,10385.550000
1474011480000,10385.450000,10384.550000
1474011481000,10385.250000,10384.350000
1474011482000,10385.450000,10384.550000
1474011485000,10386.450000,10385.550000
1474011486000,10386.950000,10386.050000
1474011487000,10386.950000,10386.050000
1474011489000,10386.650000,10385.700000
1474011490000,10386.250000,10385.350000
1474011491000,10386.250000,10385.350000
1474011492000,10386.650000,10385.200000
1474011493000,10387.650000,10385.950000
1474011494000,10386.750000,10385.850000
1474011495000,10387.150000,10386.050000
1474011496000,10386.950000,10386.050000
1474011497000,10387.650000,10386.300000
1474011498000,10387.650000,10386.200000
1474011499000,10387.650000,10386.400000
1474011500000,10387.650000,10386.500000
1474011501000,10388.250000,10387.350000
1474011502000,10391.050000,10389.550000
1474011503000,10391.650000,10389.900000
1474011504000,10391.650000,10390.100000
1474011505000,10391.650000,10390.200000
1474011506000,10391.650000,10390.300000
1474011507000,10390.450000,10389.550000
1474011508000,10389.950000,10389.050000
1474011509000,10391.450000,10389.950000
1474011510000,10390.450000,10389.550000
1474011511000,10390.450000,10389.550000
1474011512000,10389.150000,10388.200000
1474011513000,10389.150000,10388.000000
1474011514000,10390.750000,10389.850000
1474011515000,10390.650000,10389.450000
1474011516000,10390.650000,10389.250000
1474011517000,10389.950000,10389.050000
1474011519000,10390.650000,10389.100000
1474011520000,10389.950000,10389.050000
1474011521000,10390.450000,10389.550000
1474011522000,10390.650000,10389.350000
1474011523000,10390.650000,10389.100000
1474011524000,10389.250000,10388.350000
1474011525000,10389.150000,10387.650000
1474011526000,10386.950000,10386.050000
1474011527000,10385.700000,10384.150000
1474011528000,10384.950000,10384.050000
1474011529000,10385.650000,10384.150000
1474011530000,10385.650000,10384.150000
1474011531000,10384.950000,10384.050000
1474011532000,10386.150000,10384.550000
1474011533000,10387.050000,10385.550000
1474011534000,10386.650000,10385.200000
1474011535000,10385.650000,10384.150000
1474011536000,10385.250000,10384.350000
1474011537000,10385.250000,10384.350000
1474011538000,10383.950000,10383.050000
1474011539000,10383.750000,10382.850000
1474011540000,10384.150000,10382.900000
1474011541000,10384.750000,10383.850000
1474011542000,10385.450000,10384.550000
1474011544000,10383.950000,10383.050000
1474011545000,10383.750000,10382.850000
1474011546000,10383.950000,10383.050000
1474011547000,10383.950000,10383.050000
1474011548000,10383.250000,10382.350000
1474011549000,10381.450000,10380.550000
1474011550000,10379.950000,10379.050000
1474011551000,10380.750000,10379.850000
1474011552000,10381.250000,10380.350000
1474011553000,10382.450000,10380.900000
1474011556000,10384.150000,10382.950000
1474011557000,10384.450000,10383.550000
1474011558000,10384.750000,10383.850000
1474011559000,10385.650000,10384.200000
1474011560000,10385.950000,10385.050000
1474011561000,10386.250000,10385.350000
1474011563000,10386.250000,10385.350000
1474011565000,10385.750000,10384.850000
1474011566000,10385.650000,10384.100000
1474011567000,10385.600000,10384.100000
1474011568000,10384.450000,10383.550000
1474011569000,10383.750000,10382.850000
1474011570000,10382.950000,10382.050000
1474011573000,10383.450000,10382.550000
1474011577000,10383.750000,10382.850000
1474011578000,10384.250000,10383.350000
1474011579000,10386.450000,10385.550000
1474011580000,10386.950000,10386.050000
1474011581000,10386.950000,10386.050000
1474011582000,10386.450000,10385.550000
1474011583000,10386.750000,10385.850000
1474011584000,10386.450000,10385.550000
1474011587000,10386.250000,10385.350000
1474011588000,10386.950000,10386.050000
1474011589000,10388.950000,10387.300000
1474011590000,10387.950000,10387.050000
1474011591000,10389.150000,10387.100000
1474011592000,10388.150000,10386.600000
1474011593000,10387.450000,10386.550000
1474011594000,10387.250000,10386.350000
1474011595000,10388.450000,10387.550000
1474011596000,10389.950000,10388.400000
1474011597000,10388.950000,10388.050000
1474011598000,10390.150000,10388.650000
1474011599000,10390.450000,10389.550000
1474011600000,10390.150000,10388.650000
1474011601000,10389.450000,10388.550000
1474011602000,10390.150000,10388.700000
1474011603000,10390.650000,10389.400000
1474011604000,10390.950000,10390.050000
1474011606000,10390.450000,10389.550000
1474011609000,10391.250000,10389.700000
1474011611000,10392.850000,10391.350000
1474011612000,10391.750000,10390.850000
1474011613000,10391.450000,10390.550000
1474011614000,10389.750000,10388.850000
1474011615000,10390.450000,10389.550000
1474011616000,10391.750000,10390.850000
1474011617000,10393.550000,10392.050000
1474011618000,10393.650000,10392.050000
1474011619000,10393.600000,10392.050000
1474011620000,10392.950000,10392.050000
1474011622000,10393.650000,10392.100000
1474011623000,10392.950000,10392.050000
1474011624000,10392.950000,10392.050000
1474011627000,10393.650000,10392.200000
1474011628000,10392.250000,10391.350000
1474011629000,10391.450000,10390.550000
1474011630000,10390.750000,10389.850000
1474011633000,10390.450000,10389.550000
1474011635000,10389.750000,10388.850000
1474011636000,10391.100000,10389.100000
1474011637000,10390.450000,10389.550000
1474011638000,10393.000000,10391.400000
1474011639000,10393.150000,10391.900000
1474011640000,10391.450000,10390.550000
1474011642000,10391.950000,10391.050000
1474011643000,10392.750000,10391.250000
1474011644000,10392.450000,10391.550000
1474011648000,10392.250000,10391.350000
1474011649000,10391.750000,10390.850000
1474011651000,10391.750000,10390.850000
1474011652000,10391.950000,10391.050000
1474011654000,10393.050000,10391.550000
1474011655000,10395.150000,10391.350000
1474011656000,10394.950000,10394.050000
1474011657000,10394.950000,10394.050000
1474011658000,10395.650000,10394.300000
1474011659000,10395.750000,10394.850000
1474011660000,10395.450000,10394.550000
1474011662000,10398.150000,10396.600000
1474011663000,10398.250000,10397.350000
1474011664000,10398.450000,10397.550000
1474011665000,10397.450000,10396.550000
1474011666000,10396.250000,10395.350000
1474011667000,10396.650000,10395.300000
1474011668000,10395.750000,10394.850000
1474011669000,10395.450000,10394.550000
1474011670000,10395.450000,10394.550000
1474011672000,10395.900000,10394.950000
1474011673000,10395.800000,10394.800000
1474011674000,10395.700000,10394.750000
1474011675000,10396.250000,10395.350000
1474011676000,10395.450000,10394.550000
1474011677000,10395.450000,10394.550000
1474011678000,10394.950000,10394.050000
1474011679000,10394.450000,10393.550000
1474011680000,10394.450000,10393.550000
1474011681000,10395.350000,10394.400000
1474011686000,10395.950000,10395.050000
1474011687000,10397.450000,10396.550000
1474011688000,10396.450000,10395.550000
1474011690000,10396.250000,10395.350000
1474011692000,10394.250000,10393.350000
1474011693000,10393.450000,10392.550000
1474011694000,10393.250000,10392.350000
1474011695000,10396.150000,10391.350000
1474011696000,10398.150000,10397.000000
1474011697000,10398.100000,10397.150000
1474011698000,10397.750000,10396.850000
1474011699000,10397.950000,10397.050000
1474011700000,10397.950000,10397.050000
1474011701000,10398.450000,10397.550000
1474011702000,10397.950000,10397.050000
1474011703000,10397.950000,10397.050000
1474011704000,10399.450000,10398.550000
1474011705000,10398.450000,10397.550000
1474011706000,10398.050000,10397.100000
1474011707000,10397.950000,10397.050000
1474011708000,10398.450000,10397.550000
1474011709000,10397.450000,10396.550000
1474011710000,10400.950000,10400.050000
1474011711000,10402.950000,10402.050000
1474011712000,10404.750000,10403.850000
1474011713000,10403.450000,10402.550000
1474011714000,10403.650000,10402.650000
1474011715000,10403.450000,10402.550000
1474011716000,10403.100000,10402.100000
1474011717000,10403.500000,10402.550000
1474011718000,10404.750000,10403.850000
1474011719000,10405.250000,10404.300000
1474011720000,10406.350000,10405.200000
1474011721000,10405.950000,10405.050000
1474011722000,10406.250000,10405.350000
1474011723000,10405.450000,10404.550000
1474011724000,10404.950000,10404.050000
1474011725000,10404.950000,10404.050000
1474011726000,10405.450000,10404.550000
1474011728000,10405.450000,10404.550000
1474011729000,10405.250000,10404.350000
1474011731000,10404.250000,10403.350000
1474011732000,10404.450000,10403.550000
1474011733000,10405.450000,10404.550000
1474011734000,10404.100000,10403.150000
1474011735000,10403.900000,10402.900000
1474011736000,10403.450000,10402.550000
1474011737000,10403.950000,10403.050000
1474011738000,10403.950000,10403.050000
1474011739000,10405.450000,10404.550000
1474011740000,10404.950000,10404.050000
1474011741000,10405.050000,10404.100000
1474011742000,10404.950000,10404.050000
1474011743000,10405.250000,10404.350000
1474011744000,10404.950000,10404.050000
1474011745000,10404.750000,10403.850000
1474011746000,10404.450000,10403.550000
1474011747000,10403.950000,10403.050000
1474011748000,10404.450000,10403.550000
1474011749000,10404.750000,10403.850000
1474011750000,10405.000000,10404.050000
1474011752000,10404.950000,10404.050000
1474011753000,10404.150000,10403.200000
1474011754000,10403.950000,10403.050000
1474011755000,10403.950000,10403.000000
1474011757000,10403.450000,10402.550000
1474011758000,10403.750000,10402.850000
1474011759000,10404.250000,10403.000000
1474011760000,10403.750000,10402.850000
1474011761000,10403.750000,10402.850000
1474011762000,10402.950000,10402.050000
1474011763000,10402.950000,10402.050000
1474011764000,10402.450000,10401.550000
1474011765000,10401.250000,10400.350000
1474011767000,10402.150000,10401.150000
1474011768000,10402.450000,10401.550000
1474011769000,10401.750000,10400.850000
1474011773000,10401.250000,10400.350000
1474011774000,10400.250000,10399.350000
1474011775000,10401.450000,10400.550000
1474011779000,10401.950000,10401.050000
1474011780000,10401.950000,10401.050000
1474011781000,10401.100000,10400.150000
1474011782000,10400.950000,10400.050000
1474011785000,10400.950000,10400.050000
1474011786000,10401.000000,10400.100000
1474011787000,10401.450000,10400.550000
1474011788000,10400.950000,10400.050000
1474011789000,10401.100000,10400.150000
1474011790000,10400.950000,10400.050000
1474011791000,10400.950000,10400.050000
1474011795000,10400.750000,10399.850000
1474011798000,10400.900000,10399.900000
1474011799000,10401.650000,10400.350000
1474011801000,10401.250000,10400.350000
1474011802000,10401.450000,10400.550000
1474011803000,10400.950000,10400.050000
1474011804000,10401.600000,10400.450000
1474011805000,10404.650000,10401.350000
1474011806000,10404.650000,10401.450000
1474011807000,10403.250000,10402.350000
1474011808000,10401.950000,10401.050000
1474011809000,10400.950000,10400.050000
1474011810000,10398.950000,10398.050000
1474011811000,10397.950000,10397.050000
1474011812000,10398.250000,10397.350000
1474011813000,10398.750000,10397.850000
1474011815000,10398.250000,10397.350000
1474011816000,10397.950000,10397.050000
1474011817000,10398.450000,10397.550000
1474011818000,10398.250000,10397.350000
1474011819000,10396.950000,10396.050000
1474011820000,10397.450000,10396.550000
1474011821000,10398.150000,10396.650000
1474011822000,10397.450000,10396.550000
1474011824000,10397.450000,10396.550000
1474011825000,10397.750000,10396.850000
1474011826000,10397.250000,10396.350000
1474011827000,10396.800000,10395.800000
1474011828000,10396.950000,10396.050000
1474011829000,10396.750000,10395.850000
1474011830000,10394.750000,10393.850000
1474011831000,10393.750000,10392.850000
1474011832000,10393.950000,10393.050000
1474011834000,10393.450000,10392.550000
1474011835000,10392.950000,10392.050000
1474011836000,10392.250000,10391.350000
1474011838000,10393.050000,10391.900000
1474011839000,10393.300000,10391.950000
1474011840000,10393.450000,10392.550000
1474011842000,10393.250000,10392.350000
1474011843000,10393.150000,10392.150000
1474011844000,10393.350000,10392.200000
1474011845000,10393.450000,10392.550000
1474011846000,10393.750000,10392.850000
1474011847000,10393.250000,10392.350000
1474011849000,10392.950000,10392.050000
1474011850000,10393.500000,10392.400000
1474011851000,10392.950000,10392.050000
1474011852000,10394.300000,10393.150000
1474011853000,10393.950000,10393.050000
1474011854000,10393.750000,10392.850000
1474011857000,10392.450000,10391.550000
1474011858000,10392.650000,10390.950000
1474011859000,10392.650000,10390.650000
1474011860000,10391.750000,10390.850000
1474011861000,10392.750000,10391.500000
1474011862000,10392.450000,10391.550000
1474011863000,10393.150000,10391.900000
1474011864000,10392.450000,10391.550000
1474011868000,10393.200000,10392.000000
1474011869000,10392.750000,10391.850000
1474011870000,10391.950000,10391.050000
1474011871000,10393.450000,10392.550000
1474011872000,10393.800000,10392.650000
1474011873000,10394.250000,10393.350000
1474011874000,10393.950000,10393.050000
1474011876000,10395.150000,10393.950000
1474011877000,10394.950000,10394.050000
1474011878000,10394.950000,10394.050000
1474011879000,10395.250000,10394.350000
1474011880000,10393.950000,10393.050000
1474011881000,10394.450000,10393.550000
1474011882000,10394.750000,10393.850000
1474011883000,10394.750000,10393.850000
1474011884000,10393.750000,10392.850000
1474011885000,10392.950000,10392.050000
1474011886000,10393.950000,10393.050000
1474011887000,10394.250000,10393.350000
1474011888000,10395.250000,10394.350000
1474011889000,10394.750000,10393.850000
1474011890000,10395.250000,10394.350000
1474011891000,10395.750000,10394.850000
1474011893000,10396.250000,10395.350000
1474011894000,10395.950000,10395.050000
1474011895000,10395.250000,10394.350000
1474011896000,10395.450000,10394.550000
1474011899000,10395.250000,10394.350000
1474011900000,10395.450000,10394.550000
1474011901000,10394.450000,10393.550000
1474011903000,10392.950000,10392.050000
1474011904000,10392.450000,10391.550000
1474011905000,10391.450000,10390.550000
1474011906000,10390.450000,10389.550000
1474011907000,10388.950000,10388.050000
1474011908000,10389.150000,10388.050000
1474011909000,10388.950000,10388.050000
1474011911000,10389.250000,10388.350000
1474011912000,10388.450000,10387.550000
1474011913000,10388.600000,10387.200000
1474011914000,10389.750000,10388.850000
1474011915000,10389.200000,10388.100000
1474011916000,10389.450000,10388.550000
1474011917000,10389.450000,10388.550000
1474011918000,10389.700000,10388.600000
1474011919000,10389.750000,10388.850000
1474011920000,10388.450000,10387.550000
1474011921000,10387.800000,10386.600000
1474011922000,10388.250000,10387.350000
1474011923000,10388.450000,10387.250000
1474011924000,10388.800000,10387.600000
1474011926000,10389.100000,10388.000000
1474011927000,10388.950000,10388.050000
1474011928000,10388.450000,10387.550000
1474011929000,10389.850000,10388.650000
1474011930000,10389.850000,10388.700000
1474011931000,10390.300000,10389.200000
1474011932000,10390.250000,10389.350000
1474011933000,10390.750000,10389.600000
1474011934000,10390.450000,10389.550000
1474011935000,10391.450000,10390.550000
1474011936000,10392.650000,10391.550000
1474011937000,10392.500000,10391.550000
1474011939000,10393.150000,10392.100000
1474011940000,10393.550000,10392.600000
1474011942000,10393.450000,10392.550000
1474011943000,10393.450000,10392.550000
1474011944000,10393.500000,10392.350000
1474011946000,10393.950000,10393.050000
1474011948000,10394.250000,10393.050000
1474011949000,10395.750000,10394.850000
1474011950000,10395.950000,10395.050000
1474011951000,10396.150000,10395.250000
1474011952000,10397.450000,10396.550000
1474011953000,10397.950000,10397.050000
1474011954000,10397.350000,10396.200000
1474011955000,10397.450000,10396.550000
1474011956000,10396.950000,10396.050000
1474011957000,10396.750000,10395.850000
1474011958000,10397.150000,10395.900000
1474011959000,10397.750000,10396.850000
1474011960000,10397.450000,10396.550000
1474011961000,10397.700000,10396.750000
1474011962000,10397.750000,10396.850000
1474011963000,10397.900000,10396.900000
1474011964000,10397.750000,10396.850000
1474011966000,10398.250000,10397.250000
1474011967000,10398.450000,10397.550000
1474011968000,10399.700000,10398.800000
1474011969000,10398.950000,10398.050000
1474011970000,10400.400000,10399.500000
1474011971000,10400.450000,10399.550000
1474011972000,10399.400000,10398.450000
1474011973000,10398.950000,10398.050000
1474011976000,10398.950000,10398.050000
1474011977000,10399.100000,10398.150000
1474011978000,10399.450000,10398.550000
1474011979000,10398.700000,10397.750000
1474011980000,10399.450000,10398.550000
1474011982000,10399.700000,10398.750000
1474011983000,10400.050000,10399.100000
1474011984000,10400.100000,10399.100000
1474011985000,10400.950000,10400.050000
1474011986000,10401.450000,10400.550000
1474011987000,10401.450000,10400.550000
1474011988000,10403.400000,10402.200000
1474011989000,10401.250000,10400.350000
1474011990000,10401.250000,10400.350000
1474011991000,10400.950000,10400.050000
1474011992000,10402.150000,10400.800000
1474011993000,10402.700000,10401.800000
1474011994000,10403.150000,10402.200000
1474011995000,10402.500000,10401.600000
1474011996000,10401.600000,10400.600000
1474011997000,10402.250000,10401.300000
1474011999000,10402.450000,10401.550000
1474012000000,10401.950000,10401.050000
1474012001000,10402.050000,10400.900000
1474012003000,10401.750000,10400.850000
1474012004000,10402.250000,10401.350000
1474012005000,10402.450000,10401.550000
1474012006000,10401.950000,10401.050000
1474012010000,10401.450000,10400.550000
1474012012000,10401.950000,10401.050000
1474012013000,10401.450000,10400.550000
1474012014000,10401.450000,10400.550000
1474012016000,10401.250000,10400.350000
1474012017000,10400.600000,10399.600000
1474012018000,10399.750000,10398.850000
1474012019000,10399.450000,10398.550000
1474012020000,10399.950000,10399.050000
1474012021000,10398.950000,10398.050000
1474012022000,10398.450000,10397.550000
1474012023000,10398.450000,10397.550000
1474012024000,10398.650000,10397.250000
1474012025000,10398.250000,10397.350000
1474012026000,10396.950000,10396.050000
1474012027000,10396.450000,10395.550000
1474012028000,10396.250000,10395.350000
1474012029000,10394.600000,10393.650000
1474012030000,10393.750000,10392.850000
1474012031000,10395.150000,10393.750000
1474012032000,10394.450000,10393.550000
1474012033000,10395.450000,10394.550000
1474012035000,10394.750000,10393.850000
1474012036000,10393.950000,10393.050000
1474012037000,10394.250000,10393.350000
1474012038000,10394.450000,10393.550000
1474012039000,10395.150000,10393.750000
1474012040000,10393.450000,10392.550000
1474012041000,10393.450000,10392.550000
1474012042000,10393.150000,10392.200000
1474012043000,10394.150000,10393.200000
1474012044000,10393.950000,10393.050000
1474012045000,10393.550000,10392.600000
1474012046000,10393.250000,10392.350000
1474012047000,10393.650000,10392.300000
1474012048000,10391.950000,10391.050000
1474012049000,10392.450000,10391.550000
1474012050000,10392.650000,10391.050000
1474012051000,10392.150000,10391.050000
1474012052000,10393.250000,10392.350000
1474012053000,10392.950000,10392.050000
1474012055000,10392.450000,10391.550000
1474012056000,10390.450000,10389.550000
1474012058000,10390.650000,10389.750000
1474012059000,10390.500000,10389.550000
1474012060000,10391.150000,10386.850000
1474012061000,10387.750000,10386.850000
1474012062000,10389.750000,10388.850000
1474012063000,10390.750000,10389.850000
1474012064000,10391.450000,10390.550000
1474012066000,10391.250000,10390.350000
1474012067000,10391.450000,10390.550000
1474012068000,10390.950000,10390.050000
1474012069000,10390.950000,10390.050000
1474012070000,10390.850000,10389.900000
1474012071000,10390.450000,10389.550000
1474012072000,10391.300000,10390.300000
1474012073000,10391.250000,10390.300000
1474012074000,10390.950000,10390.050000
1474012075000,10391.250000,10390.350000
1474012076000,10391.650000,10390.700000
1474012078000,10391.450000,10390.550000
1474012079000,10393.150000,10392.200000
1474012080000,10393.950000,10393.050000
1474012085000,10393.950000,10393.050000
1474012086000,10393.950000,10393.050000
1474012087000,10394.250000,10393.350000
1474012089000,10394.450000,10393.550000
1474012090000,10394.450000,10393.550000
1474012091000,10394.450000,10393.550000
1474012093000,10394.450000,10393.550000
1474012096000,10394.450000,10393.550000
1474012097000,10394.600000,10393.650000
1474012100000,10394.700000,10393.700000
1474012102000,10394.950000,10394.050000
1474012103000,10394.950000,10394.050000
1474012104000,10394.950000,10394.050000
1474012105000,10397.400000,10396.450000
1474012106000,10398.550000,10397.600000
1474012107000,10398.300000,10397.350000
1474012108000,10398.250000,10397.350000
1474012109000,10398.350000,10397.400000
1474012110000,10398.450000,10397.550000
1474012111000,10399.150000,10398.200000
1474012112000,10399.450000,10398.550000
1474012114000,10398.650000,10397.750000
1474012115000,10398.300000,10397.300000
1474012116000,10397.450000,10396.550000
1474012117000,10396.450000,10395.550000
1474012118000,10396.600000,10395.650000
1474012119000,10396.950000,10396.050000
1474012120000,10396.450000,10395.550000
1474012121000,10396.750000,10395.850000
1474012122000,10397.650000,10396.650000
1474012123000,10397.450000,10396.550000
1474012124000,10397.050000,10396.100000
1474012125000,10397.250000,10396.350000
1474012127000,10394.950000,10394.050000
1474012128000,10394.050000,10393.100000
1474012129000,10393.750000,10392.850000
1474012130000,10394.250000,10393.350000
1474012131000,10393.950000,10393.050000
1474012132000,10393.950000,10393.050000
1474012133000,10394.450000,10393.550000
1474012134000,10393.750000,10392.850000
1474012135000,10393.150000,10392.150000
1474012136000,10393.250000,10392.350000
1474012139000,10393.050000,10392.100000
1474012140000,10392.950000,10392.050000
1474012142000,10392.450000,10391.550000
1474012143000,10392.250000,10391.350000
1474012144000,10392.650000,10391.400000
1474012145000,10392.400000,10391.450000
1474012146000,10392.250000,10391.350000
1474012147000,10391.950000,10391.050000
1474012148000,10390.950000,10390.050000
1474012149000,10390.450000,10389.550000
1474012150000,10389.950000,10389.050000
1474012151000,10390.450000,10389.550000
1474012152000,10390.250000,10389.350000
1474012153000,10390.650000,10389.700000
1474012154000,10392.050000,10391.100000
1474012156000,10392.350000,10391.400000
1474012158000,10391.850000,10390.900000
1474012159000,10392.750000,10391.850000
1474012160000,10393.450000,10392.550000
1474012161000,10393.750000,10392.850000
1474012162000,10392.750000,10391.850000
1474012164000,10392.450000,10391.550000
1474012165000,10392.750000,10391.850000
1474012166000,10392.700000,10391.750000
1474012167000,10392.900000,10391.950000
1474012168000,10391.950000,10391.050000
1474012169000,10390.450000,10389.550000
1474012171000,10390.450000,10389.550000
1474012172000,10390.450000,10389.550000
1474012173000,10390.750000,10389.850000
1474012174000,10391.150000,10390.250000
1474012175000,10390.450000,10389.550000
1474012177000,10389.950000,10389.050000
1474012178000,10389.950000,10389.050000
1474012181000,10390.200000,10389.250000
1474012182000,10390.350000,10389.350000
1474012184000,10390.450000,10389.500000
1474012185000,10391.250000,10390.350000
1474012186000,10391.450000,10390.550000
1474012187000,10392.200000,10391.250000
1474012188000,10392.250000,10391.300000
1474012189000,10393.100000,10392.150000
1474012190000,10392.250000,10391.350000
1474012192000,10392.650000,10391.650000
1474012193000,10392.450000,10391.550000
1474012194000,10393.000000,10391.750000
1474012195000,10392.250000,10391.350000
1474012198000,10392.950000,10392.050000
1474012199000,10393.750000,10392.850000
1474012200000,10392.950000,10392.050000
1474012202000,10392.450000,10391.550000
1474012203000,10392.750000,10391.850000
1474012204000,10391.950000,10391.050000
1474012206000,10391.750000,10390.850000
1474012207000,10391.300000,10390.350000
1474012208000,10390.950000,10390.050000
1474012210000,10390.750000,10389.850000
1474012211000,10391.550000,10390.600000
1474012212000,10391.750000,10390.850000
1474012214000,10391.450000,10390.550000
1474012215000,10393.150000,10391.600000
1474012216000,10392.750000,10391.850000
1474012217000,10392.250000,10391.300000
1474012218000,10392.600000,10391.600000
1474012219000,10391.950000,10391.050000
1474012220000,10392.450000,10391.550000
1474012221000,10392.700000,10391.800000
1474012222000,10393.950000,10393.050000
1474012223000,10393.450000,10392.550000
1474012224000,10393.450000,10392.550000
1474012225000,10393.250000,10392.350000
1474012227000,10393.250000,10392.350000
1474012228000,10392.950000,10392.050000
1474012229000,10392.950000,10392.050000
1474012230000,10393.050000,10392.100000
1474012231000,10393.100000,10392.150000
1474012232000,10393.450000,10392.550000
1474012233000,10392.950000,10392.050000
1474012234000,10392.950000,10392.050000
1474012235000,10393.450000,10392.550000
1474012236000,10392.950000,10392.050000
1474012238000,10393.350000,10392.400000
1474012240000,10392.950000,10392.050000
1474012241000,10393.150000,10392.250000
1474012242000,10393.450000,10392.550000
1474012244000,10393.950000,10393.050000
1474012245000,10392.450000,10391.550000
1474012246000,10391.450000,10390.550000
1474012247000,10391.600000,10390.650000
1474012249000,10390.950000,10390.050000
1474012250000,10392.150000,10391.200000
1474012255000,10391.950000,10391.050000
1474012256000,10392.150000,10391.250000
1474012257000,10392.450000,10391.550000
1474012258000,10392.700000,10391.800000
1474012259000,10392.450000,10391.550000
1474012266000,10392.750000,10391.850000
1474012268000,10392.950000,10392.050000
1474012272000,10393.350000,10392.400000
1474012273000,10394.450000,10393.550000
1474012274000,10394.500000,10393.600000
1474012276000,10394.200000,10393.200000
1474012277000,10393.950000,10393.050000
1474012278000,10392.950000,10392.050000
1474012279000,10392.750000,10391.850000
1474012281000,10392.650000,10391.750000
1474012282000,10392.450000,10391.550000
1474012283000,10392.750000,10391.800000
1474012284000,10392.450000,10391.550000
1474012285000,10391.450000,10390.550000
1474012287000,10390.950000,10390.050000
1474012288000,10391.250000,10390.350000
1474012293000,10392.150000,10391.200000
1474012294000,10392.450000,10391.550000
1474012295000,10392.450000,10391.550000
1474012296000,10392.950000,10392.050000
1474012297000,10393.450000,10392.550000
1474012299000,10394.450000,10393.550000
1474012301000,10393.550000,10392.600000
1474012302000,10393.250000,10392.350000
1474012303000,10392.950000,10392.050000
1474012304000,10392.950000,10392.050000
1474012305000,10392.750000,10391.850000
1474012306000,10392.450000,10391.550000
1474012307000,10393.950000,10393.050000
1474012308000,10393.450000,10392.550000
1474012309000,10393.600000,10392.600000
1474012312000,10393.800000,10392.700000
1474012314000,10393.450000,10392.550000
1474012315000,10392.450000,10391.550000
1474012319000,10391.100000,10390.150000
1474012320000,10390.950000,10390.050000
1474012321000,10390.750000,10389.850000
1474012322000,10389.950000,10389.050000
1474012323000,10390.500000,10389.500000
1474012324000,10390.250000,10389.350000
1474012325000,10390.350000,10389.400000
1474012326000,10390.150000,10389.200000
1474012327000,10389.950000,10389.050000
1474012328000,10389.450000,10388.550000
1474012329000,10388.550000,10387.600000
1474012330000,10388.450000,10386.850000
1474012331000,10388.050000,10387.100000
1474012335000,10387.750000,10386.850000
1474012336000,10387.900000,10386.950000
1474012337000,10387.600000,10386.650000
1474012338000,10387.950000,10387.050000
1474012339000,10385.850000,10384.900000
1474012340000,10384.750000,10383.850000
1474012341000,10383.550000,10381.700000
1474012342000,10383.750000,10382.850000
1474012343000,10383.750000,10382.850000
1474012347000,10384.450000,10383.550000
1474012349000,10384.950000,10384.050000
1474012353000,10385.250000,10384.350000
1474012354000,10387.650000,10385.350000
1474012355000,10385.950000,10385.050000
1474012356000,10385.750000,10384.850000
1474012357000,10385.950000,10385.050000
1474012358000,10385.750000,10384.850000
1474012361000,10384.950000,10384.050000
1474012364000,10384.750000,10383.850000
1474012365000,10383.750000,10382.850000
1474012366000,10386.650000,10383.850000
1474012370000,10385.250000,10384.350000
1474012372000,10384.750000,10383.850000
1474012373000,10383.950000,10383.050000
1474012375000,10383.750000,10382.850000
1474012380000,10382.950000,10382.050000
1474012381000,10382.450000,10381.550000
1474012382000,10383.750000,10382.850000
1474012384000,10382.950000,10382.050000
1474012386000,10383.250000,10382.350000
1474012389000,10383.450000,10382.550000
1474012391000,10384.750000,10383.850000
